1519 2729
723 203 900 278 (114
957 199 1046 255 )*

292 356 373 397 >que
402 343 521 397 stirpe
545 354 664 394 atque
695 339 871 382 Hebraei
902 340 1088 389 oriundi,
1133 339 1194 380 his
1223 340 1263 379 in
1291 338 1422 392 pluri-

292 415 368 454 mis
397 414 517 455 rebus
560 413 722 453 fuerunt
766 411 986 458 simillimi,
1031 421 1071 450 et
1109 410 1255 450 horum
1296 408 1422 449 studia

289 484 552 536 indolemque
604 480 839 521 retulerunt.
929 479 1083 520 Eadem
1135 490 1269 519 autem
1315 477 1424 530 apud

287 564 360 596 eos
377 583 390 602 ‚
422 564 522 606 quae
548 550 654 603 apud
679 549 913 599 Hebraeos,
945 551 1125 590 cernitur
1153 550 1192 588 in
1219 547 1423 603 religione

288 622 569 663 commutatio.
630 618 695 660 Ad
721 617 1057 661 Mohammedem
1086 632 1213 672 usque
1251 616 1424 658 idolola-

289 680 385 733 triae
426 691 510 731 fere
555 690 710 742 semper
750 690 901 730 addicti
934 689 1098 730 fuerunt
1126 688 1296 729 Arabes.
1356 687 1423 728 Ex

288 760 409 811 ipsius
439 759 601 812 quidem
627 758 779 799 familia
803 758 884 812 jam
915 769 1030 798 antea
1067 757 1295 798 exstiterant
1322 769 1423 797 non-

285 827 418 876 nulli,
456 830 525 880 qui
556 829 708 881 quippe
736 827 967 869 sacerdotes
996 827 1220 882 templique
1249 827 1424 868 Mecca-

286 899 328 937 ni
357 898 553 951 praesides
583 898 824 953 religionem
855 897 906 939 ab
950 896 1181 938 idololatria
1222 909 1423 952 purgare,

285 980 327 1009 ct
374 968 423 1009 ad
476 970 680 1021 antiquam
736 966 1033 1020 fimplicitatem
1077 967 1423 1009 Abrahamiticam

285 1039 488 1080 restituere
505 1039 640 1079 conati
665 1037 851 1087 suerant3
882 1037 981 1078 haec
1007 1050 1106 1078 vcro
1128 1048 1271 1078 eorum
1301 1050 1424 1080 cona-

286 1111 393 1149 mina
419 1108 532 1149 felici
561 1108 801 1161 plerumque
830 1119 1044 1148 caruerunt
1083 1108 1282 1149 successu.
1356 1109 1420 1149 Ac

286 1178 445 1219 tandem
469 1178 775 1220 Moharnmedis
802 1189 914 1231 patre
940 1189 1091 1219 mature
1107 1190 1292 1227 mortuo,
1324 1178 1422 1220 alia-

285 1261 364 1302 que
406 1248 559 1288 familia
601 1243 798 1301 templum
835 1247 1083 1288 Meccanum
1113 1249 1184 1289 fibi
1212 1249 1420 1290 vindican-

285 1332 352 1368 te,
398 1318 602 1360 idolorum
647 1318 782 1360 cultus
819 1318 970 1358 summa
999 1319 1239 1360 auctoritate
1269 1318 1420 1360 stabili-

284 1401 346 1430 tus
375 1389 415 1427 in
444 1388 528 1428 dies
556 1389 694 1441 augeri
719 1387 932 1428 videbatur
960 1386 1057 1440 (a).
1117 1388 1174 1429 Ae
1211 1402 1310 1430 vero
1349 1402 1421 1429 ez-

282 1471 375 1500 orto
417 1471 513 1498 mox
555 1457 848 1499 Mohammede
886 1469 1034 1510 quanta
1065 1460 1246 1500 cernitur
1273 1460 1422 1514 agendi

281 1529 509 1572 diverfitas!
569 1526 664 1579 lpfo
705 1528 810 1567 enim
851 1527 954 1568 duce
997 1526 1270 1569 idololatriam
1311 1540 1421 1570 totus

282 1599 481 1641 aversatur
508 1597 715 1651 populu&
748 1598 875 1637 immo
902 1610 1001 1637 vero
1034 1599 1073 1637 in
1105 1598 1226 1640 idolis
1268 1598 1417 1640 destru-

283 1670 395 1710 endis
425 1668 649 1723 grassatur,
694 1677 734 1706 et
756 1680 830 1720 per
861 1678 987 1707 t0tam
1031 1668 1222 1709 Arabiam
1260 1669 1419 1710 univcr-

283 1739 449 1792 sumque
486 1738 697 1778 Orientem
738 1735 838 1776 haec
876 1736 1034 1776 auditur
1076 1750 1184 1777 vox:
1230 1751 1331 1778 nnus
1354 1752 1416 1780 est

283 1808 399 1851 Deus
442 1821 518 1848 nec
558 1818 716 1860 praeter
749 1819 840 1847 eum
869 1805 984 1846 Deus
1018 1808 1254 1859 quisquam!
1302 1808 1419 1863 Quae

283 1880 446 1936 quidem
474 1879 763 1928 commutatio,
795 1877 977 1931 quamvis
1005 1889 1082 1917 una
1108 1878 1148 1916 in
1171 1878 1312 1930 paucis
1327 1892 1418 1934 gra-

1338 1953 1418 1990 vis-
1475 1949 1498 1988 ’Ἴ

329 2062 393 2108 (a)
417 2063 571 2097 Ilffe'mot're
592 2063 652 2106 fin*
676 2062 932 2104 l'e'tablisfhment
954 2063 993 2095 de
1014 2062 1048 2096 la
1074 2063 1202 2105 religion
1221 2070 1253 2095 et
1279 2063 1318 2096 de
1329 2063 1418 2097 l'em-

274 2123 349 2166 pire
371 2121 408 2153 de
427 2119 615 2160 ilhsmmet,
640 2120 670 2153 T
673 2129 738 2168 om.
766 2120 904 2153 XXXII.
939 2129 974 2161 p.
1003 2129 1185 2162 404-431.
1218 2119 1256 2151 sle
1289 2119 1417 2157 [Actus.
1476 2096 1503 2169 ξι

282 2177 334 2210 des
356 2175 454 2218 Just-r.
478 2183 510 2208 et
533 2177 571 2210 B.
594 2176 632 2209 L.
654 2185 721 2219 par
746 2176 816 2209 Mr.
839 2177 878 2209 de
902 2177 1078 2219 Breqztigny
1094 2200 1103 2214 ,
1128 2175 1184 2217 qui
1208 2184 1282 2209 cum
1301 2186 1319 2226 ρ
1346 2178 1416 2210 lim-

282 2231 367 2277 pidis
390 2232 534 2266 fontibus
557 2230 610 2265 sua
633 2231 796 2274 hauserit,
819 2232 906 2267 hunc
925 2240 1045 2266 testem
1069 2231 1235 2266 invocasse
1268 2231 1416 2270 sufficiat.
