1519 2729
767 165 963 220 (6)

295 313 473 344 nostram
502 312 670 344 aetatem
704 302 879 346 Medicis
909 305 1066 359 cogniti
1091 302 1251 353 essent,
1281 315 1421 346 eorum

291 395 370 426 tres
397 385 461 425 vel
490 398 662 438 quatuor
689 386 842 439 species
871 387 1144 437 statuentibus.
1205 385 1289 441 Qui
1332 386 1422 427 aliis

291 468 333 506 ‘in
368 470 554 522 corporis
582 470 790 522 partibuS‚
821 470 886 510 vel
915 471 955 510 in
993 471 1085 524 ipsis
1120 468 1312 509 intestinis
1355 468 1423 509 sed

290 548 474 590 insolitae
521 551 702 603 formae,
765 552 872 593 forte
926 552 1087 593 fortuna
1129 553 1421 604 reperierentur

287 643 473 684 vermes,
518 634 811 674 annotabantur
864 644 904 674 et
957 634 1168 675 occasione
1208 645 1299 674 nata
1353 634 1420 674 de-

289 715 428 769 scripti
455 717 494 754 in
523 716 659 756 iucem
689 716 963 756 mittebantur.
1023 715 1338 768 Descriptiones
1364 727 1420 756 ta·

284 795 374 847 les,
405 799 587 851 quamvis
620 798 674 839 ob
706 798 897 839 sermonis
926 799 1164 839 brevitatem
1193 799 1308 852 saepe
1343 797 1421 839 dif-

284 878 393 944 fie-ile
434 881 480 922 fit
539 881 777 936 conjectura
833 881 988 935 assequi
1040 883 1224 935 quisnam
1282 881 1422 921 obser-

282 973 396 1003 vatus
445 966 593 1004 verinis
645 964 795 1014 fuerit,
844 976 1048 1018 praeterea
1088 964 1200 1018 quod
1237 964 1419 1017 quando-

281 1057 361 1097 que
408 1058 584 1086 vermem
629 1045 668 1086 se
701 1046 845 1088 vidisse
885 1047 1154 1094 crediderint,
1213 1059 1295 1087 non
1349 1060 1419 1101 au-

282 1137 364 1168 tem
413 1127 616 1177 viderint,
662 1130 826 1169 minime
869 1141 1000 1170 tamen
1040 1130 1110 1170 suo
1157 1140 1294 1170 carent
1331 1129 1418 1170 usu.

282 1209 448 1251 Gratiae
504 1221 614 1252 certe
669 1210 874 1252 habendae
914 1211 1003 1253 sunt
1049 1211 1131 1252 illis
1174 1213 1299 1262 viris,
1355 1212 1419 1252 in-

283 1303 343 1333 ter
387 1305 491 1346 quos
547 1295 710 1349 egregia
763 1306 925 1335 nostrae
971 1296 1104 1350 gentis
1155 1305 1418 1346 ornamenta,

278 1373 646 1427 Ruyschius,
705 1375 985 1431 Tulpius,
1041 1377 1301 1426 Blasius.,
1346 1379 1416 1430 qui

276 1459 509 1499 annotando
562 1459 676 1512 quod
721 1460 1017 1509 observabant,
1076 1460 1278 1513 sequentis
1325 1461 1417 1501 aevi

277 1539 478 1592 Medicis,
538 1543 661 1590 utin
696 1541 785 1583 aliis
827 1542 1059 1583 Medicinae
1097 1542 1310 1595 partibus,
1359 1542 1413 1585 fic

274 1634 317 1663 et
355 1625 396 1663 in
435 1634 602 1674 nostra,
650 1624 818 1665 multam
858 1625 1077 1665 attulerunt
1107 1624 1339 1666 utilitatem.
1368 1645 1417 1657 -

273 1704 352 1747 Est
404 1719 504 1749 vero
543 1709 673 1748 nostri
712 1709 907 1761 temporis
947 1720 1031 1749 rara
1086 1707 1291 1757 felicitas,
1341 1708 1414 1749 cui

271 1790 473 1843 contigit,
531 1801 610 1830 tam
654 1789 804 1831 multos
846 1792 1034 1845 egregios
1079 1790 1228 1831 habere
1272 1791 1409 1840 viros,

273 1872 343 1923 qui
371 1884 491 1912 omne
521 1872 604 1912 fere
634 1873 744 1913 suum
773 1872 943 1913 studium
975 1884 1014 1913 et
1058 1884 1216 1926 tempus
1259 1872 1411 1926 posue-

271 1954 349 1994 rint
376 1955 416 1994 in
437 1955 733 2008 perscrutandis
761 1957 838 2006 iis,
871 1968 973 2009 quae
999 1955 1050 1996 ad
1086 1955 1276 1996 Entozoii
1313 1957 1406 2009 per-

270 2038 427 2088 tinentg
474 2049 518 2079 ut
557 2039 669 2079 enim
706 2038 808 2080 alios
856 2050 1041 2088 taceam,
1086 2038 1403 2088 Bl'ochius‚

270 2116 656 2173 Treuzstrus,
689 2119 1277 2174 Goezius,Zede'r1'1's;
1302 2120 1404 2162 Ru·

1287 2201 1401 2244 dol-
