1519 2729
540 168 788 227 (105)

104 315 278 356 animum
318 311 491 367 graviter
522 309 758 358 afficientia,
803 319 893 349 ante
935 305 1115 348 exsilium
1141 306 1217 348 Ba-

105 383 343 436 bylonicum
386 379 596 421 Hebraeos
637 379 686 418 ab
714 379 870 429 insana,
916 392 994 432 qua
1034 378 1083 418 ad
1108 377 1218 418 idola

104 452 277 495 colenda
306 450 535 499 ferebantur
561 450 855 502 propensione,
888 441 1103 489 identidem
1121 461 1219 488 avo-

103 534 272 572 carunt,
305 521 440 562 eadem
468 531 609 573 postea
637 520 738 560 hanc
765 521 845 560 vim
876 519 1128 568 habuerunt,
1173 528 1218 559 ut

102 605 148 633 ea
177 593 274 633 odio
303 591 496 632 haberent
517 619 530 639 ‚
576 602 677 644 quae
701 601 814 630 antea
841 602 977 631 amore
1008 587 1218 641 complec-

103 673 293 703 terentur.
375 659 594 712 Templum
634 660 741 700 enim
778 671 818 699 et
866 659 973 700 sacra
1012 658 1220 699 instaurata

103 730 315 772 Hebraeos
358 732 412 771 ita
437 740 750 783 permoverunt,
795 740 839 768 ut
868 728 1084 770 aemulatio
1113 729 1219 769 exis-

105 812 205 841 teret
249 812 289 840 et
331 799 468 840 odium
510 798 901 840 vehementisfimum
945 811 1038 853 erga
1083 798 1217 839 Sama-

106 871 257 910 ritanos
275 899 287 918 ,
319 880 359 908 et
385 869 434 909 ad
457 867 775 921 superstitionem
800 882 943 923 usque
979 868 1220 923 religionem

105 939 211 979 suam
235 939 284 979 ab
326 937 554 978 idololatris
579 937 842 978 vindicarent.
902 938 1094 992 Ipsaeque
1130 940 1216 978 An-

103 1009 231 1049 tiochi
259 1007 485 1061 Epiphanis
510 1008 772 1059 vexationes,
815 1020 917 1061 quae
947 1010 1102 1050 animos
1133 1007 1218 1048 He-

38 1106 41 1109 ·
103 1077 317 1118 braeorum
334 1089 463 1130 quam
488 1077 660 1118 maxime
685 1079 936 1132 exagitarunt
958 1090 998 1119 et
1025 1091 1120 1133 erga
1146 1088 1217 1131 pe-

101 1148 284 1202 regrinos
325 1146 643 1197 exacerbarunt,
686 1147 780 1189 hinc
821 1149 1072 1202 potissimum
1109 1148 1217 1189 suam

99 1219 181 1259 vim
223 1227 363 1258 nactae
393 1216 508 1265 sunt,
553 1215 665 1269 quod
706 1217 991 1260 sanctisfimum
1018 1216 1216 1270 templum

99 1286 370 1328 abominando
400 1286 511 1327 cultu
547 1285 803 1341 profanatum
829 1289 901 1342 ipfi
929 1288 1006 1329 suis
1033 1289 1215 1330 viderant

99 1357 230 1398 oculis
247 1387 260 1407 ,
303 1355 558 1410 senfibusqu'e
599 1369 760 1397 omnem
789 1358 875 1412 ejus
902 1359 984 1398 vim
1011 1359 1214 1413 percipie-

97 1424 206 1468 bant.

610 1566 743 1620 §IL

152 1706 254 1751 Non
286 1718 544 1750 commutata
574 1718 634 1750 est
664 1709 958 1753 Hebraeorum
991 1713 1175 1764 indoles,

347 1775 424 1833 sed
451 1778 700 1831 explicitum
732 1781 962 1837 ingenium.

155 1915 294 1970 Itaque
324 1918 364 1981 in
395 1916 544 1958 summa
573 1921 683 1960 circa
710 1921 950 1976 religionem
980 1923 1123 1978 agendi
1150 1923 1211 1965 di-

97 1987 277 2027 versitate
321 2000 402 2028 non
430 1999 703 2039 commutata,
749 1991 815 2032 sed
856 1991 1006 2033 servata
1042 2004 1103 2034 est
1129 1992 1214 2034 He-

97 2056 309 2098 braeorum
340 2057 510 2098 indoles.
571 2058 627 2100 At
642 2072 811 2114 reponat
826 2061 932 2102 forte
962 2064 1076 2116 quis,
1099 2077 1215 2105 com-

96 2137 245 2168 mutata
269 2139 400 2168 tamen
430 2140 490 2169 est
519 2129 618 2171 haec
649 2131 732 2185 ipsa
760 2133 903 2187 agendi
935 2135 1064 2174 ratio:
1107 2134 1216 2175 unde

94 2195 219 2251 igitur
258 2209 365 2239 tanta
403 2200 445 2239 in
488 2199 648 2256 agendo
701 2201 928 2254 diverfita3‚
975 2203 1001 2244 fi
1056 2203 1216 2245 indoles

1106 2286 1216 2315 man-
