1519 2729
535 133 761 228 (29)

135 308 230 353 Hoc
263 305 541 351 tantummodo
581 302 649 350 est⁷
672 307 931 351 corollarium
961 305 1205 362 praeceden-

79 382 192 423 tium.
266 380 415 422 Monet
455 379 583 419 nubes
622 392 664 420 et
703 378 870 420 nebulas
912 378 1009 419 oriri
1046 389 1097 417 ex
1134 375 1203 416 de-

78 451 374 505 compofitione
426 450 529 490 aeris
572 451 613 490 in
656 461 789 504 partes
830 449 914 490 suas
961 445 1205 486 constituen-

80 532 165 561 tes:
225 532 396 573 aquam,
446 519 581 572 ignem
624 530 665 560 et
706 531 861 566 novum?
897 515 1000 557 illud.
1038 514 1207 555 fluidum

77 603 163 644 quo
188 602 318 644 vapor
343 587 516 642 aquosus
555 601 792 642 permanens
829 586 1021 629 redditur.
1079 584 1208 626 Redit

17 661 19 663 ’
75 659 200 714 igitur
229 672 331 714 aqua
370 659 526 700 ratione
554 659 733 709 inversa,
767 671 846 713 qua
879 658 920 697 in
947 654 1207 709 atmosphae-

77 738 161 767 ram
186 739 389 779 mutatum
435 728 519 769 abit
543 730 650 770 enim
679 731 719 770 in
746 729 884 778 illam,
911 727 1205 781 conjunctione

78 809 172 836 cum
209 798 302 850 igne
334 810 373 838 et
416 798 541 839 fluido
571 800 651 839 isto
678 796 1015 852 imponderabili,
1059 796 1206 837 horum

76 878 175 906 vero
203 865 555 920 decompofitione
586 883 687 922 aqua
714 869 831 910 redit.

135 934 193 975 Et
231 935 330 977 haec
372 928 550 979 fiifficere
590 939 777 978 videntur
817 937 867 978 de
910 936 979 976 illa
1016 936 1205 983 theoria;

77 1005 177 1045 mihi
218 1017 302 1045 non
343 1007 539 1060 proposui
580 1007 689 1048 illam
720 1018 845 1047 totam
875 989 1109 1058 exponere,
1141 1002 1209 1044 sed

78 1075 358 1116 tantummodo
387 1077 566 1119 indicare
598 1076 763 1118 modum
807 1088 892 1129 quo
933 1074 1121 1130 procedit
1156 1074 1208 1113 de

76 1144 223 1195 Luc,
268 1156 309 1186 et
349 1149 565 1189 maximum
595 1158 875 1203 argumentum
903 1157 987 1199 quo
1012 1155 1138 1198 aquae
1164 1144 1208 1183 in

77 1217 209 1258 aerem
234 1217 385 1259 nitatur
411 1219 596 1260 mutatio.

561 1346 586 1398 §
618 1345 712 1387 VII.

406 1472 593 1516 Theoria
625 1473 689 1515 Cl.
719 1470 878 1515 Lam.

136 1599 251 1643 Duas
292 1601 455 1655 pluviae
489 1601 643 1655 species
671 1600 882 1655 distinguit
921 1597 991 1641 Cl.
1025 1597 1210 1640 Libes

80 1670 259 1735 pluviem
296 1671 503 1725 procellae
535 1669 762 1727 (d'orage)
790 1681 830 1710 et
862 1669 1039 1724 pluviam
1062 1668 1208 1723 vulga-

81 1753 191 1790 rem,
233 1754 336 1795 quae
366 1755 389 1783 a
430 1742 593 1784 diverfis
616 1743 740 1783 caufis
769 1739 831 1781 illi
866 1739 1042 1794 pendere
1069 1738 1207 1779 viden-

83 1820 146 1850 tur
177 1808 272 1863 (1).

138 1878 256 1921 Hanc
282 1881 405 1935 igitur
434 1881 630 1922 theoriam
656 1882 697 1921 in
734 1877 830 1920 duas
867 1877 1011 1919 dividit
1045 1888 1207 1932 partes,

80 1962 249 2004 quarum
289 1952 417 2003 prima
455 1951 504 1992 de
543 1950 681 2006 pluvia
721 1947 957 2004 procellae,
1002 1945 1126 1990 altera
1158 1949 1210 1989 de

80 2019 219 2075 pluvia
249 2020 332 2074 agit
358 2019 527 2076 vulgari.
1203 2058 1206 2061 ,

1073 2074 1107 2116 Ι.
1137 2075 1208 2116 De

126 2152 190 2199 (1)
212 2154 289 2190 vid.
315 2155 432 2200 Lepons
458 2157 495 2190 a'e
520 2156 665 2203 Phyfique
680 2178 693 2185 -
707 2155 868 2200 Chimique
888 2165 927 2188 ou
952 2155 1142 2200 appla-atlon
1168 2154 1211 2187 de

79 2213 115 2247 la
137 2211 256 2250 Chimie
282 2213 425 2250 moderne
449 2225 473 2248 a
499 2216 533 2249 la
555 2214 698 2261 Phyfique
711 2240 722 2258 ,
744 2223 820 2259 pag.
848 2219 911 2255 252
934 2211 1027 2254 seqq.
