1519 2729
526 80 780 144 (165)

99 240 333 282 tribuamus.
393 225 683 272 Beneficientia
704 229 867 265 contra,
895 212 1057 256 alterius
1084 209 1216 251 felici-

101 321 222 353 tatem
250 318 290 346 et
314 302 608 358 perfectionem
626 325 639 344 ,
685 299 878 349 quantum
906 286 947 325 in
973 281 1093 324 nobis
1132 290 1220 328 est,

100 377 361 434 provehimus
388 383 507 424 atque
530 364 836 420 amplificamus.
887 355 1025 409 Igitur
1067 349 1221 397 officia,

101 460 203 504 quae
232 445 348 487 alteri
377 442 598 485 debemus·⁹
629 434 706 475 alia
741 431 828 472 sunt
853 424 1089 482 jztstitiae‚.
1122 429 1224 473 quae

101 533 129 573 p
144 531 165 558 e
180 531 199 558 r
215 516 267 558 fe
285 529 307 556 c
325 526 339 555 t
355 527 403 563 at,
434 512 512 552 alia
539 501 826 550 humanitatis
848 508 889 538 et
902 490 1202 549 beneficentiae
1217 519 1231 538 ‚

102 601 205 643 quae
251 588 395 638 impe
412 582 498 623 rfe
516 594 538 622 c
556 591 610 620 ta
648 581 858 617 vocamUS.
946 564 1054 614 Hinc
1092 560 1233 609 officiis

104 658 300 713 perfectis
342 668 388 694 ea
426 652 591 706 propria
628 658 689 687 est
720 653 845 689 nota,
877 636 989 692 quod
1013 631 1133 673 nobis
1163 642 1233 670 ne·

107 715 330 773 cessitatem
370 727 610 776 imponant,
654 729 704 760 ne
741 712 911 753 alterum
954 701 1235 758 imperfectio·

105 811 191 844 rem
247 794 602 844 infelicioremque
644 774 869 828 reddamus.
928 775 1130 831 Negativa
1168 783 1237 812 au-

106 881 187 919 tem
218 867 315 907 haec
345 862 599 909 enuntiati0‚
642 859 699 898 ita
730 854 850 894 etiam
877 844 1103 893 affirmando
1140 854 1238 896 pro-

106 937 206 992 poni
234 946 396 989 poteSt:
430 931 558 973 officia
584 927 767 981 perfecta
800 924 840 962 in
870 931 921 959 eo
959 916 1086 970 pofita
1121 912 1238 962 sunt,

109 1019 203 1048 cum
248 1013 298 1046 ut*
332 1003 536 1043 neminem
577 996 802 1042 laedamus,
849 1003 933 1031 tum
963 1000 1064 1029 vero
1086 986 1253 1032 etiam,-

108 1089 154 1119 ut
185 1077 362 1128 cuique,
394 1070 506 1126 quod
534 1069 646 1110 suum
676 1076 765 1113 est,
798 1062 1040 1114 tribuamus,
1128 1053 1240 1095 Hinc

106 1148 208 1204 juris
257 1147 298 1186 in
347 1141 578 1194 absolutum
627 1148 668 1178 et
711 1132 1029 1188 hypotheticum
1071 1126 1243 1167 divifio:

109 1218 267 1260 laedere
299 1217 404 1256 enim
434 1223 494 1253 est
524 1210 694 1251 alterum
735 1203 1009 1246 infeliciorem
1046 1196 1243 1244 reddere,

111 1302 232 1343 quam
262 1297 400 1327 natura
426 1293 515 1332 θεῖς
547 1281 660 1321 suurn
691 1276 864 1327 denique
891 1271 1038 1325 aliquis
1066 1265 1168 1308 illud
1184 1265 1245 1306 di-

112 1371 206 1400 cere
236 1367 401 1410 potest,
433 1350 545 1406 quod
570 1350 677 1404 juste
703 1342 940 1400 acquisivit.
997 1336 1247 1392 Imperfecta

113 1417 247 1470 sutem
266 1426 392 1468 officia
418 1423 468 1464 ad
501 1421 543 1461 id
574 1419 612 1459 se
643 1417 852 1463 referunt,
885 1424 929 1454 ut
958 1410 1060 1452 alios
1086 1406 1248 1462 perfec-

114 1500 238 1539 tiores
261 1510 307 1536 εις
339 1494 549 1535 feliciores.
572 1489 736 1530 reddere
778 1498 855 1539 pro
897 1482 1052 1524 viribus
1091 1479 1248 1519 annita-

114 1581 216 1609 mur.
278 1566 448 1607 Certum
471 1561 643 1613 deniquc
672 1556 920 1611 principium
947 1552 997 1593 ad
1024 1549 1137 1604 quod
1159 1560 1250 1590 om·

114 1639 206 1687 nia,
236 1637 327 1677 aliis
356 1633 592 1676 hominibus
636 1625 914 1682 praestanda‚·
940 1623 1071 1664 officia
1109 1619 1250 1660 referri

117 1705 286 1761 possunt
307 1735 320 1753 ‚
352 1717 402 1745 ex
427 1704 501 1744 hac
529 1700 668 1755 regula
689 1698 868 1738 derivat:
901 1692 1017 1734 homo
1034 1689 1245 1731 hominem

118 1792 199 1820 non
226 1776 388 1823 minus,
437 1786 566 1829 quam
586 1767 634 1825 st?
663 1764 828 1823 ipsum,
861 1774 1031 1806 tenetur
1061 1771 1247 1808 amare,

120 1863 194 1891 nec
224 1846 386 1895 alteri,
432 1842 541 1898 quod
565 1840 644 1896 fibi
675 1852 754 1880 non
784 1837 902 1887 vult,
940 1833 1117 1889 facere,-
1150 1829 1249 1883 (un-

121 1919 170 1959 de
199 1917 326 1958 offiica
368 1900 763 1967 perfecttfirepetiit)
792 1916 942 1947 contra
983 1904 1065 1945 illa
1099 1899 1253 1955 facere

122 1988 294 2035 omnia,
327 1997 435 2040 quae
462 1981 542 2043 fib}
568 1981 623 2022 ab
649 1980 785 2021 altero
809 1976 915 2033 fierzss
942 1975 1072 2028 capjt.
1143 1970 1253 2012 Hinc

123 2048 252 2100 officia
281 2053 521 2109 imperfecta
560 2063 695 2104 prono
733 2048 850 2090 alveo
888 2046 1038 2093 fluere,
1083 2051 1255 2083 conten-

124 2129 209 2179 dit,
241 2127 270 2168 1.
297 2125 325 2167 1.
353 2125 490 2179 §215.
551 2121 665 2162 Patet
685 2128 825 2160 autem
856 2112 1253 2165 inde‚-Heinec-

1185 2193 1206 2222 c
1224 2193 1255 2220 1-
