1519 2729
698 112 835 166 (88
892 102 920 164 '3

245 254 299 296 do
314 285 326 305 ,
349 244 446 306 'quo'
468 242 895 304 sesecog'noscendam
917 238 1084 302 praebet
1111 234 1359 290 homin-ibus}

245 323 381 372 Nam,
405 323 500 375 quis
541 321 586 361 fit
618 307 914 372 Deus'insbq
928 333 949 359 a
977 320 1097 358 nobis
1127 319 1365 359 hominibiis'

244 404 448 445 nunquam
494 390 650 444 percipi
677 389 867 442 poterit.
915 389 1215 430 Coniunctionis
1269 376 1364 427 ideo

245 475 342 506 cum
372 460 640 502 hominibus
661 461 764 500 ratio
792 459 961 512 semper
971 469 1030 498 est
1057 458 1250 498 habenda.
1284 453 1364 510 (1)

249 533 383 575 Recte
413 532 536 585 igitur
580 529 605 570 S
624 542 649 569 o
665 543 686 569 c
703 542 721 568 r
735 542 754 568 a
772 540 786 568 t
802 542 823 568 e
840 541 857 568 s
896 528 1107 567 auditores
1143 539 1184 568 et
1210 527 1365 567 amicos

252 613 417 643 monere
442 600 621 641 solebat:
653 610 832 651 aequum
860 607 921 637 est
950 595 1182 651 meminisse
1210 611 1271 638 me
1298 595 1368 636 lzo·

249 671 404 713 minem
422 665 540 721 esse,
571 676 612 706 et
639 677 707 706 tvos
737 669 811 720 qui
841 667 1055 708 iudicatis.
1089 667 1141 737 (2
1146 663 1170 718 >

308 739 446 781 Nobis
475 749 557 777 non
579 735 897 789 proposuimus,
931 737 1063 776 omnia
1081 766 1093 783 ,
1140 748 1242 788 quae
1272 734 1370 776 Deo

253 809 543 856 adscribimus,
587 807 778 847 attributa
819 817 870 845 ex
899 804 1045 845 finibus
1075 806 1160 845 eius
1188 804 1378 853 efficere,

262 878 331 919 sed
359 876 557 918 suffecerit
584 888 629 916 ea
657 875 841 925 notasse,
875 887 976 927 quae
993 888 1042 916 ex
1069 875 1149 916 hoc
1178 873 1378 928 imprimis*
1428 911 1434 915 .

262 949 485 1001 argumenti
512 957 657 999 genere
695 937 849 998 optime
871 945 972 986 effici
994 946 1175 998 possum
1207 958 1291 998 quo
1318 944 1375 984 fa-

260 1029 331 1060 cto
348 1048 362 1070 ‚
392 1017 627 1058 denaturae
645 1015 801 1056 divinae
823 1016 1002 1056 notione'
1020 1015 1109 1056 satis
1134 1014 1346 1056 constabit.
1376 1013 1379 1015 ’

745 1155 784 1211 §·
831 1155 883 1196 11.

265 1296 513 1340 Harmonia
539 1296 584 1337 in
613 1295 762 1336 mundo
793 1293 1013 1349 univerfh‚
1058 1305 1097 1335 et
1120 1294 1223 1350 finis
1250 1293 1383 1334 ommss

349 1380 419 1408 um
460 1366 661 1415 ultimus,
705 1378 833 1407 unum
863 1362 1005 1419 adessa}
1049 1373 1279 1406 auctorem
1282 1393 1295 1413 ,

717 1434 920 1489 prmobant

325 1577 551 1619 Historiam
593 1577 804 1632 religionis
858 1590 949 1619 cum
995 1575 1354 1617 animadvertamus
1370 1603 1384 1622 ‚

269 1648 450 1690 videmus
478 1638 676 1687 continuo
689 1677 701 1695 ‚
719 1647 904 1688 homines
922 1644 1097 1700 singulos
1110 1675 1123 1693 ‚
1155 1656 1294 1698 gentes
1313 1644 1385 1684 fin-

270 1718 410 1774 gulaS,
438 1730 545 1771 pro
551 1719 657 1758 varia
686 1730 827 1758 eorum
853 1716 1115 1765 conditione,
1161 1727 1239 1768 pro
1279 1713 1388 1753 varia

268 1801 412 1829 eorum
466 1799 595 1828 aetate
628 1794 683 1838 set
720 1789 886 1843 regione
902 1817 915 1836 ‚
971 1788 1169 1838 variisque
1223 1781 1386 1832 studiis,

270 1870 372 1911 quae
403 1858 538 1898 omnia
564 1859 604 1897 in
637 1856 753 1898 Deos
782 1856 994 1899 transferre
1026 1855 1182 1904 solent,
1214 1853 1386 1897 diversas

271 1928 345 1975 fibi
367 1927 601 1969 informasse
638 1928 793 1970 divinae
821 1938 983 1971 naturae
1025 1927 1227 1969 notiones.
1287 1923 1385 1965 Inde

1337 1993 1385 2034 il-

319 2085 383 2131 (1)
408 2088 810 2131 Heydenreich,
834 2087 898 2123 Th.
922 2088 967 2122 11.
989 2087 1012 2121 s.
1035 2095 1112 2127 223.

320 2142 385 2189 (2)
409 2144 511 2180 Conf.
533 2144 623 2179 Nob.
646 2144 697 2178 de
723 2146 870 2187 Geer,
893 2142 982 2186 Disfi
1002 2143 1091 2178 laud.
1113 2153 1146 2185 p.
1172 2142 1220 2182 83.

716 2216 726 2231 .
