1519 2729
692 161 914 218 (72)

256 293 356 337 fecit
393 294 704 351 Voigtius‚
768 300 1103 355 lycopodiaceas‚
1160 299 1366 356 equifera-
1417 299 1419 301 ’

255 377 378 415 teas,
432 365 595 422 filices,
642 366 860 423 salvineas
895 372 1017 419 ,inter
1086 371 1366 424 acotyledones

252 445 484 476 enumerare
512 437 674 489 pergit,
705 440 817 491 quod
845 440 943 481 mihi
972 441 1102 482 minus
1125 439 1273 493 placet.
1324 439 1364 482 E

254 506 468 554 contrario,
513 519 711 559 cycarum
748 510 1073 564 zamiarumque
1124 523 1299 564 genera,
1344 523 1368 551 a

251 571 317 626 Ju
335 574 389 615 ss
395 576 527 615 ievo
569 588 660 616 cum
684 576 873 632 filicibus
901 580 951 620 ad
980 580 1276 633 dicotyledones
1305 592 1367 621 re-

252 641 360 691 lata,
401 644 524 685 refert
553 644 624 685 sub
652 658 770 687 unam
797 648 1043 703 eandemque
1071 649 1261 690 familiam
1302 663 1367 704 cy-

245 713 480 754 cczdearum
506 715 683 756 nomine.
1307 762 1313 766 ,

268 788 273 794 ’
305 781 464 832 Multas
489 795 604 825 certo
633 787 886 841 optimasque
901 787 1200 829 observationes
1216 786 1368 844 Voig-

246 851 320 890 tio
373 851 594 904 debemus,
640 868 722 896 non
773 855 901 899 solum
954 859 1089 912 quoad
1125 857 1366 899 familiarum

214 922 219 924 “
247 919 572 965 distributionem
590 955 603 974 ‚
635 916 772 967 ‘verum
800 929 916 968 etiam
945 928 1080 981 quoad
1103 939 1264 968 omnem
1282 940 1366 968 me-

247 989 427 1032 thodum
461 994 709 1044 naturalem,
754 998 808 1037 ita
850 1010 895 1038 ut
937 998 998 1037 vir
1025 998 1092 1038 hic
1123 995 1289 1036 illustris
1315 998 1364 1038 iis

246 1058 562 1104 adnumerandus
590 1065 635 1105 fit
663 1065 898 1120 semperque
926 1064 1082 1107 futurus
1110 1066 1181 1116 fit,
1224 1066 1293 1119 qui
1322 1067 1364 1106 in

247 1129 445 1173 methodo
464 1133 642 1174 naturali
671 1135 927 1176 fundamenta
962 1136 1211 1188 posuerunt,
1257 1147 1363 1176 eam-

245 1209 325 1251 que
353 1201 613 1261 emendarunt
641 1216 680 1244 et
709 1205 1018 1258 amplificarunt.

710 1345 736 1399 g
766 1344 880 1387 LVI.

297 1479 391 1522 Nec
433 1480 533 1523 licet
570 1485 890 1537 praetermittere
932 1483 1194 1534 methodum,
1238 1497 1358 1539 quam

242 1549 362 1590 nobis
392 1552 576 1594 exhibuit
605 1552 955 1595 Franciscus
985 1553 1185 1595 Petrus
1231 1555 1358 1597 Cas-

241 1618 264 1658 s
271 1618 350 1668 el,
381 1632 494 1662 antea
522 1622 725 1664 Coloniae
753 1624 943 1663 historiae
968 1622 1184 1673 naturalis,
1214 1633 1358 1678 postea

241 1689 471 1731 Candaviae
500 1691 710 1736 botanices
739 1692 961 1734 Professor.
1018 1691 1102 1734 Hic
1130 1695 1218 1744 vir,
1249 1707 1355 1736 anno

237 1761 504 1811 praecedente
533 1762 773 1811 defunctus,
805 1763 886 1804 duo
913 1761 1077 1815 reliquit
1103 1776 1225 1816 opera
1242 1761 1352 1817 (ι),

235 1827 279 1867 in
313 1829 460 1882 quibus
490 1830 597 1873 suam
626 1834 812 1888 exposuit
845 1833 1066 1883 theoriam,
1096 1833 1212 1888 cujus
1235 1846 1351 1896 argu-

563 1909 568 1910 ’
1044 1911 1046 1913 ·
1238 1915 1347 1944 men-

279 2043 341 2089 (1)
364 2047 498 2090 Ιῦνβιοῖι
525 2051 605 2085 fiber
625 2052 676 2086 die
697 2053 896 2090 natiirlichen
915 2055 1068 2090 Familien
1086 2056 1143 2089 der
1174 2053 1346 2103 Pflansen,

233 2103 294 2136 mit
312 2103 433 2148 Rfficfific
440 2104 471 2137 (vt
489 2106 560 2149 auf
569 2106 639 2140 ihre
656 2109 822 2155 Heilkraft
835 2137 845 2152 ,
883 2113 969 2146 Ko'ln
1004 2117 1097 2149 1810.
1127 2123 1160 2148 et
1181 2117 1347 2154 Lehrbuck

231 2159 289 2192 der
309 2160 508 2195 nammichcn
533 2163 687 2207 Pstanzen
699 2187 712 2193 -
728 2168 880 2213 Ordnung
893 2193 904 2211 ,
928 2170 1099 2205 Franksurt
1126 2174 1219 2218 1817.
1271 2168 1278 2170 ”
