1519 2729
574 184 798 246 (37)

115 328 260 382 pitatio
310 329 422 368 omni
477 338 742 381 temperatura
781 324 917 366 locum
957 323 1103 364 habere
1142 336 1236 378 pos-

118 398 219 439 sunt.

172 466 354 520 Utraque
380 467 615 521 evaporatio
644 465 754 507 suum
785 463 1035 506 saturationis
1071 457 1238 519 gradum

115 536 263 587 habet,
306 550 477 590 quorum
503 548 604 578 unus
630 536 680 577 ab
709 533 837 576 altero
865 546 948 575 non
977 534 1151 588 pendere
1179 535 1238 574 vi-

115 606 243 647 detur.

171 675 342 729 Duplici
381 676 504 717 modo
528 687 698 729 vapores
729 675 769 716 in
792 674 882 715 aere
919 674 1129 721 oriuntur,
1172 671 1238 713 vel

114 747 380 795 mechanico,
412 745 475 786 vel
508 746 725 795 chemico;
772 744 925 798 duplici
966 744 1090 784 modo
1115 744 1239 798 igitur

114 816 232 855 etiarn
275 817 602 869 praecipitantur.
673 814 994 868 Praecipitantur
1033 813 1238 853 mechani-

113 897 188 933 ce,
233 885 259 924 fi
289 897 554 938 temperatura
583 884 847 934 diminuitur,
890 893 930 923 et
957 883 1084 923 oritur
1109 881 1239 930 nebu-

112 952 180 1003 la;
225 954 323 994 haec
373 965 505 995 autem
548 953 696 994 nebula
739 955 765 994 fi
808 949 956 1005 crassa
1004 951 1152 1001 fuerit,
1196 963 1238 993 et

112 1022 238 1077 frigus
265 1035 346 1063 non
375 1023 640 1074 observetur,
684 1023 996 1077 praecipitantur
1023 1021 1236 1071 chemice,

110 1104 185 1145 per
203 1093 443 1147 quantitatis
473 1094 664 1149 oxygenii
693 1091 1052 1147 perturbationem.

615 1235 639 1288 ς
671 1232 744 1274 IX.

400 1371 439 1414 T
435 1372 586 1416 heoria
617 1372 680 1415 Cl.
710 1369 923 1418 Damon.

168 1509 236 1551 Cl.
276 1509 492 1552 Dalton
537 1512 734 1553 theoriam
778 1511 885 1552 suam
937 1508 1151 1564 proposuit
1191 1511 1234 1554 in

111 1578 220 1620 Bibl.
250 1580 367 1621 Britt.
397 1581 519 1623 Tom.
548 1581 628 1624 XX
655 1593 695 1622 et
724 1581 852 1631 XXI,
883 1582 1101 1635 praecipue
1134 1593 1235 1623 vero

111 1649 152 1687 in
192 1647 394 1691 Memoirs
437 1649 487 1706 of
519 1651 798 1693 Manchester
830 1653 949 1706 1805.
1009 1651 1097 1693 Hae
1123 1665 1237 1692 com-

111 1722 375 1761 mentationes
425 1737 518 1764 cum
569 1736 659 1764 raro
703 1722 776 1763 hac
820 1723 861 1762 in
915 1721 1046 1763 Patria
1083 1722 1236 1762 inveni-

111 1799 254 1837 antur,
299 1789 385 1829 illas
427 1793 525 1832 mihi
549 1805 765 1846 procurare
793 1805 876 1832 non
898 1793 1044 1845 potuiz,
1091 1793 1131 1832 in
1160 1791 1234 1831 hac

111 1859 234 1911 igitur
264 1859 417 1899 theoria
459 1863 696 1915 exponenda
724 1861 825 1903 alios
856 1862 964 1914 sequi
992 1861 1113 1901 debui
1141 1874 1234 1902 auc·

112 1938 275 1977 ῑοῑθε,4
315 1930 544 1981 pracsertim
609 1944 741 1973 autem
799 1931 957 1973 secutus
1024 1930 1109 1972 sum
1164 1930 1233 1973 CI.

111 1996 144 2037 B
162 1999 173 2037 i
191 2011 216 2038 0
235 2010 249 2039 t
275 1997 299 2052 ζ
308 1996 368 2051 1).
1131 2002 1133 2005 ’

1077 2091 1080 2093 Δ
1128 2069 1236 2112 Cum

156 2223 219 2270 (ι)
243 2226 318 2263 vid.
346 2228 417 2272 ejus
439 2231 549 2267 Traite
562 2232 600 2267 de
622 2229 764 2277 Physique
785 2231 1027 2276 experimentale
1052 2237 1085 2264 et
1113 2228 1235 2264 mathe-

1165 2295 1236 2320 vla·
