1519 2729
747 112 969 171 (64)

295 253 500 301 idearum,
544 263 646 306 quae
674 262 724 293 ex
753 251 1018 296 sensibilitatis
1045 252 1282 307 impulsione
1310 253 1415 295 deri-

293 325 375 364 vari
420 335 502 364 non
539 321 733 376 possunt,
777 335 936 365 omnem
997 324 1198 366 excedunt
1254 325 1412 377 experi-

290 378 468 441 entiam,
523 403 563 432 et
615 392 706 432 ideo
751 405 781 434 a
812 394 958 447 priori
996 395 1207 442 dicuntur,
1258 393 1412 446 quippe

289 475 422 516 quae,
463 459 560 503 licet
597 464 824 511 excitentur
862 475 902 504 et
930 465 1157 505 exserantur
1185 474 1315 503 rerum
1342 460 1411 502 ad-

288 530 569 586 spectabilium
620 531 857 584 impulsione
902 533 1192 585 hominumque
1243 531 1412 572 consue-

289 603 453 650 tudine,
498 612 628 640 tamen
670 612 720 639 ex
771 601 819 640 iis
861 603 1059 656 originem
1101 614 1184 641 non
1228 600 1411 652 ducuntg.

288 673 425 725 prouti
455 670 549 710 ἰδέαι
577 668 697 717 illae,
730 681 830 722 quae
860 683 882 710 a
907 670 1211 724 Psychologia‚
1252 683 1275 710 a
1305 670 1412 711 Cos-

286 741 534 796 mologiaet
562 738 819 793 Theologia,
859 751 1008 780 nomen
1037 740 1247 781 duxerunt.
1309 738 1412 782 Eius
1472 735 1482 738 ’

283 811 667 864 repraesentationes
723 808 810 849 sunt
852 808 1035 850 absolute
1076 807 1319 849 necessariae
1371 797 1415 849 et

283 893 337 920 eo
367 881 610 927 inserviunt,
639 889 684 919 ut
710 879 903 920 unitatem
928 890 967 920 et
991 879 1323 920 coniunctionem
1353 877 1411 919 af-

283 950 426 990 ferant.
500 949 560 989 Ita
595 962 632 988 v.
673 963 709 990 c.
740 957 923 1002 {empore
961 962 1100 990 omnes
1143 948 1413 1002 repraesenta-

284 1020 438 1067 tiones,
469 1032 562 1060 cum
579 1018 711 1058 sensus
738 1020 920 1069 externi,
953 1031 1036 1059 tum
1069 1019 1242 1067 interni,
1267 1014 1410 1072 spatio

282 1101 415 1131 autem
462 1101 602 1130 omnes
650 1089 1035 1141 repraesentationes
1077 1076 1411 1128 sensusextetni

280 1161 596 1213 coniunguntur.
669 1156 758 1198 Hac
799 1158 990 1199 facultate
1032 1157 1187 1199 formae
1229 1157 1410 1204 materiei

282 1230 537 1278 tribuuntur,
581 1239 621 1268 et
665 1228 864 1280 principia
915 1240 1046 1268 rerum
1087 1225 1408 1276 constituuntur,

281 1302 476 1353 quocirca
504 1311 544 1339 et
570 1296 740 1338 facultas
768 1299 1064 1351 principiorum
1096 1297 1259 1338 dicitur.

340 1369 484 1410 Sensus
520 1369 644 1422 igitur
682 1378 899 1416 externus,
943 1367 1076 1408 sensus
1120 1368 1296 1407 internus
1310 1395 1330 1416 ‚A
1367 1378 1409 1407 et

279 1438 452 1482 facultas
481 1437 552 1478 illa
595 1437 801 1488 superior,
846 1437 894 1477 de
934 1450 1013 1489 qua
1053 1436 1254 1484 diximus,
1311 1447 1409 1476 tam-

279 1523 400 1564 quam
430 1507 678 1562 cognitionis
703 1506 897 1547 humanae
926 1505 1085 1553 fontes,
1116 1505 1203 1546 sunt
1229 1504 1409 1547 confide-

278 1579 418 1626 randi‚
476 1577 624 1630 quibus
671 1578 854 1616 materies
891 1575 1194 1628 suppeditatur.,
1237 1577 1278 1615 in
1332 1588 1411 1628 qua

280 1660 392 1688 mens
423 1658 560 1686 nostra
601 1644 822 1698 cogitando
857 1644 1045 1686 versatur.
1116 1644 1410 1698 Repraesenta5

279 1719 411 1757 tiones
432 1717 536 1756 enim
555 1746 567 1764 ‚
611 1728 709 1768 quas
737 1727 787 1755 ex
819 1714 930 1755 hisce
956 1713 1140 1754 fontibus
1183 1714 1408 1764 hausimus,

278 1789 329 1828 ab
357 1788 434 1828 alia
462 1787 606 1827 mentis
633 1796 793 1825 nostrae
824 1771 1015 1825 facultate
1046 1783 1330 1834 elaborantur,
1369 1786 1410 1825 in

279 1859 462 1899 ordinem
493 1858 755 1911 rediguntur,
789 1855 1105 1907 investigantur,
1153 1855 1264 1908 quod
1286 1855 1409 1895 maxi-

280 1941 343 1969 me
369 1926 642 1981 comparando
672 1925 811 1979 peragi
841 1922 958 1965 solet.
1311 1980 1348 2021 Α

1351 1994 1410 2022 ni-

327 2088 389 2135 (1)
415 2092 441 2124 1<
458 2101 475 2124 a
489 2101 509 2124 n
525 2099 538 2124 t
551 2115 561 2132 ,
587 2089 827 2134 Anthropologie
843 2114 853 2131 ,
877 2090 967 2131 1240.
996 2086 1030 2121 R
1046 2095 1064 2120 e
1081 2086 1125 2121 in
1139 2086 1160 2121 h
1176 2097 1193 2120 a
1209 2096 1224 2120 r
1238 2085 1259 2119 d
1274 2111 1285 2128 ,
1302 2095 1324 2120 t.
1337 2098 1364 2121 a.
1376 2099 1407 2130 p.

280 2147 324 2182 D.
349 2148 374 2182 Ι.
399 2148 429 2191 §.
455 2149 510 2181 28.
714 2145 717 2148 ’
