1519 2729
611 153 837 215 (23)

156 301 276 358 gulos
314 298 517 342 habebant
553 297 670 341 Deos
704 296 922 347 tutelare3‚
978 296 1122 340 deinde
1157 299 1285 342 tribus

151 373 432 424 civitatesque.

212 440 402 481 Attamen
429 437 717 494 progrediente
747 437 951 480 societatis
977 436 1035 478 stu
1082 450 1138 488 o,
1183 449 1287 479 tem·

153 509 318 565 plorum
346 521 387 549 et
415 508 615 550 festorum
649 510 982 564 opportunitate,
1027 520 1128 561 quae
1158 506 1288 549 sacer-

155 581 274 623 dotes
317 579 606 620 amoenisfimis
644 581 686 620 in
730 579 835 620 locis
864 580 905 619 in
935 577 1122 619 Deorum
1153 578 1289 619 hono-

151 662 237 691 rem
283 649 557 699 instituerunt,
601 638 740 691 senfirn
779 648 1055 703 paulatimque
1103 648 1287 699 factum,

150 733 196 762 ut
224 721 442 762 nonnullae
487 721 616 761 tribus
660 721 793 762 secum
824 720 1000 760 invicem
1025 731 1287 761 communem

151 803 236 832 rem
266 791 468 841 fecerint,
506 802 549 831 et
578 793 620 832 in
645 790 931 833 communibus
959 789 1074 831 festis
1101 803 1287 831 commu·

148 871 242 899 nem
283 860 578 902 celebraverint
621 860 774 902 Deum.
863 858 972 901 Hinc
1013 860 1197 910 factum,
1240 869 1287 900 ut

150 929 294 984 singuli
335 931 483 984 populi
519 944 643 972 unum
680 944 776 983 prae
806 933 975 972 caeteris
1001 930 1140 972 Deum
1168 942 1287 983 prae-

147 1001 276 1053 cipuo
317 1001 358 1040 in
399 1001 556 1042 honore
587 1001 814 1043 habuerint.
903 1000 1014 1043 Hinc
1048 1000 1153 1055 Apis
1180 999 1286 1040 sum-

147 1077 236 1110 mus
264 1070 566 1126 Aegyptiorum
584 1070 736 1112 'factus
761 1082 821 1112 est
849 1070 966 1112 Deus
996 1069 1107 1126 (a),
1146 1081 1187 1111 et
1215 1070 1288 1113 alii

146 1140 235 1181 aliis
259 1141 427 1195 populis
455 1142 728 1195 praefuerunt.
787 1142 914 1196 Apud
940 1140 1173 1182 Orientales
1187 1153 1286 1194 pro-

146 1204 405 1265 ponebantur
432 1211 517 1253 fere
546 1224 734 1266 tanquam
761 1224 877 1267 reges
907 1223 948 1253 et
968 1213 1145 1267 reginae.
1205 1210 1286 1252 Ita-

146 1294 225 1336 que
252 1295 326 1336 per
349 1293 481 1323 totum
511 1283 595 1323 fere
621 1283 833 1324 Orientem
858 1281 930 1323 Sol
957 1280 1140 1340 ethna
1160 1281 1284 1322 habe-

145 1350 290 1392 bantur
318 1365 389 1393 rex
422 1364 465 1392 et
491 1355 657 1408 regina,
704 1354 772 1407 qui
803 1352 919 1392 astris
949 1363 1139 1405 tanquam
1168 1364 1284 1392 exer-

145 1423 245 1463 citui
272 1423 515 1476 imperarent
544 1420 638 1476 (b)·'
699 1421 828 1477 Quod
855 1421 940 1476 ipsa
970 1422 1121 1463 docent
1150 1424 1283 1464 nomi-

143 1498 194 1533 na
222 1492 398 1533 Molech
416 1523 428 1542 ,
459 1492 670 1534 Milchom
687 1523 700 1543 ,
732 1493 824 1534 alia.
866 1493 1038 1535 Scilicet
1055 1524 1067 1541 ‚
1087 1494 1281 1547 quamdiu

144 1575 218 1616 per
259 1562 433 1604 familias
471 1575 539 1603 aut
560 1576 638 1617 ‘per
673 1564 801 1623 tribus
836 1565 1028 1606 vivebant
1064 1566 1281 1615 homines,

144 1632 262 1675 Deos
293 1633 384 1675 suos
418 1634 611 1675 colebant
641 1646 829 1688 tanquam
873 1647 1007 1687 patres
1051 1646 1281 1688 matresque

143 1700 344 1753 familias,
393 1715 457 1744 res
500 1703 744 1746 familiarum
785 1705 1046 1759 tribuumque
1097 1715 1280 1756 tuentese,

1231 1774 1282 1816 ad

188 1850 253 1897 (a)
275 1852 351 1892 Θέος
372 1853 511 1897 μέγιςος.
536 1855 702 1891 Lucianus
736 1856 779 1890 de
808 1856 973 1891 sacrificiis
1001 1857 1035 1889 in
1064 1857 1154 1898 Opp.
1183 1856 1226 1890 T.
1250 1857 1278 1897 1,

141 1923 177 1956 Ρ.
205 1924 281 1958 359.
329 1917 422 1950 Mela
433 1916 474 1950 de
491 1916 552 1950 fitu
578 1919 689 1951 orbis:
715 1920 795 1964 Apis
807 1920 991 1964 populorum
1010 1922 1146 1953 omnium
1166 1928 1281 1951 numen

140 1979 197 2004 est.
222 1971 262 2004 L.
288 1973 313 2005 I.
334 1973 375 2006 C.
400 1974 454 2006 lx.
532 1975 629 2008 Conf.
666 1975 845 2020 Jablonskii
874 1977 1043 2011 Pantheon
1077 1976 1275 2018 Aegyption

140 2026 180 2060 L.
215 2028 270 2061 IV.
300 2030 339 2062 C.
375 2031 414 2064 II.
448 2031 465 2073 §
493 2041 522 2064 2.
558 2031 737 2073 Meiners‚
766 2033 784 2067 l.
814 2033 833 2065 l.
866 2043 890 2076 p
929 2043 1000 2077 197.
1021 2033 1184 2073 Heeren,
1212 2033 1232 2065 l.
1251 2032 1272 2066 L

140 2085 173 2120 II
197 2085 257 2118 Th.
287 2086 387 2120 Abth.
417 2088 458 2121 11.
492 2098 524 2130 p.
559 2090 633 2131 639.

186 2139 249 2184 (b)
272 2153 291 2176 2
317 2143 403 2186 Reg.
429 2146 516 2179 XXI:
542 2156 570 2188 3.
595 2144 718 2180 XXIII:
747 2155 776 2188 5.
809 2146 935 2191 Jerem.
954 2146 1031 2181 VII:
1054 2148 1102 2182 18.
1131 2147 1222 2182 VIII:
1242 2156 1271 2180 2.

141 2198 231 2232 XIX:
263 2207 311 2241 ¹3-
331 2223 343 2240 ,
372 2199 530 2243 imprimis
549 2201 670 2237 XLIV:
701 2212 740 2246 17
757 2213 837 2237 -20.
