1519 2729
487 185 793 246 (101)

104 327 299 378 nubatur,
330 329 355 370 fi
384 326 511 381 ipsum
541 326 778 368 desererent.
838 323 895 366 At
921 337 1019 367 vero
1044 334 1211 382 regnum

104 399 214 440 suum
243 399 403 438 interire
431 396 682 447 maluerunt,
713 409 832 450 quam
861 396 970 437 idola
1009 397 1212 451 relinque·

101 481 172 518 re,
215 480 315 521 quac
357 467 449 520 ipfis
488 465 748 507 vehementer
773 465 999 520 placebant.
1059 466 1215 507 Eadem

100 537 177 578 fuit
203 549 344 592 postea
372 537 598 590 pervicacia
632 537 672 576 in
702 536 852 577 tuendo
876 536 1054 590 Jehovae
1082 535 1214 577 cultu.
1244 536 1247 537 ⁷

97 606 296 648 Antiochi
337 608 443 646 enim
474 595 702 658 Epiphanis
741 605 1095 660 tempore-nullae
1137 605 1213 645 mi-

97 688 169 717 nae
187 707 199 726 ‚
228 689 278 716 ne
309 676 489 718 dirisfimi
519 674 683 728 quidem
711 677 934 725 cruciatus,
963 686 1030 718 aut
1056 675 1211 717 exerci-

99 756 160 786 tus
188 746 373 795 hostilis,
406 757 472 786 aut
499 744 670 797 denique
697 745 846 798 patriae
876 746 1025 787 everfio
1053 744 1162 796 ipsos
1190 756 1214 784 a

91 812 272 867 Jehovae
302 814 415 856 cultu
441 813 613 855 avellere
642 816 800 868 potuit,
832 826 898 856 aut
926 816 973 856 iis
999 813 1212 868 persuade-

93 896 163 932 re,
207 896 251 925 ut
281 883 399 925 sacris
434 884 668 926 interessent
688 887 940 939 peregrinis,
985 896 1087 939 quae
1122 896 1213 924 om-

92 954 134 993 ni
159 952 341 994 laetitiae.
362 965 508 1008 genere
537 952 616 993 sese
645 956 987 996 commendarent.

103 1050 108 1054 -
148 1022 330 1064 Tertium
357 1023 477 1076 idque
505 1025 794 1076 praecipuum,
826 1013 938 1077 quod
965 1025 1005 1064 in
1027 1035 1210 1064 commu-

92 1103 170 1132 tata
197 1091 406 1147 religionis
434 1094 588 1133 ratione
618 1093 723 1134 idem
751 1095 889 1135 mansit
919 1095 958 1134 in
1000 1091 1211 1134 Hebraeo-

89 1174 176 1202 rum
207 1161 373 1212 indole,
412 1164 492 1203 hoc
524 1174 610 1212 est,
642 1163 754 1216 quod
781 1176 912 1204 rerum
955 1174 1211 1203 externarum

89 1232 266 1272 maximo
288 1230 417 1271 essent
448 1232 578 1284 studio
607 1244 647 1273 et
675 1235 829 1273 externi
861 1232 993 1277 cultus
1023 1244 1211 1287 magnam

89 1300 245 1354 semper
273 1301 469 1342 haberent
496 1303 708 1343 rationem.
784 1302 948 1343 Etenim
977 1313 1068 1342 ante
1109 1301 1211 1342 exfi-

85 1370 185 1411 lium
225 1371 483 1412 vehementer
524 1371 826 1412 delectabantur
865 1370 1122 1412 multitudine
1152 1372 1208 1411 ri-

87 1452 199 1481 tuum
228 1452 268 1480 ct
305 1453 456 1494 pompa
496 1453 616 1495 atque
657 1440 900 1495 splendore,
944 1453 1027 1494 quo
1067 1452 1208 1481 cerne·

87 1510 231 1550 bantur
259 1524 352 1551 cum
381 1509 635 1552 Phoenicum
652 1541 665 1560 ,
712 1522 796 1552 tum
826 1510 993 1552 aliarum
1020 1511 1206 1566 gentium

82 1579 206 1621 sacra.
281 1579 337 1621 Et
365 1591 462 1621 vero
488 1592 538 1621 ex
568 1580 648 1622 hoc
678 1581 768 1635 ipso
796 1593 929 1622 rerum
952 1590 1206 1622 externarum

85 1649 216 1690 studio
257 1662 399 1704 magna
436 1663 486 1690 ex
513 1663 625 1703 parte
657 1652 788 1691 omnis
815 1650 929 1692 fluxit
956 1649 1202 1691 idololatria.

85 1718 232 1760 Postea
259 1732 391 1761 autem
421 1721 550 1774 ipsum
578 1720 774 1775 Jehovam
804 1719 1071 1773 superstitiose
1114 1721 1202 1760 riti-

87 1788 163 1829 bus
187 1791 362 1830 externis
396 1790 609 1832 coluerunt
637 1788 733 1843 (a).
807 1788 968 1830 Etenim
993 1802 1075 1829 non
1103 1801 1203 1830 con-

88 1859 187 1898 tenti
225 1858 366 1913 Judaei
406 1860 578 1909 ritibus,
621 1872 725 1912 quos
767 1858 908 1900 Moses
943 1859 1091 1913 aliique
1126 1858 1204 1898 viri

87 1928 213 1969 divini
254 1928 443 1970 Israelitis
485 1928 848 1984 praescripserant,
893 1939 989 1981 post
1019 1928 1201 1969 exsilium

87 1996 222 2050 plures
249 1997 507 2047 addiderunt,
538 2010 578 2039 et
607 1998 760 2040 cultum
781 1998 863 2039 Dei
890 2009 1097 2038 externum
1126 1998 1200 2038 fin-

87 2066 215 2122 gulari
260 2067 384 2108 modo
420 2069 630 2110 auxerunt.⁴
711 2060 958 2109 Sabbathuni
990 2069 1096 2109 enim
1140 2068 1202 2108 su-

308 2183 309 2186 *
1111 2150 1203 2191 per-

134 2211 198 2258 (α)
222 2216 319 2264 Conf.
335 2216 451 2269 ‘Hess,
484 2216 539 2253 het
561 2216 748 2263 Kom'ngrijlr
769 2217 873 2258 Gods,
896 2217 939 2252 D.
967 2217 1011 2252 11.
1025 2216 1071 2250 bl.
1083 2224 1203 2261 4451.
