1519 2729
672 200 893 256 (42)

231 336 350 386 tulit,
400 336 1189 395 fuitBernardusJussiev11S‚
1235 340 1345 382 Pari·

230 407 292 447 fiis
316 419 428 446 natus
454 419 558 448 anno
589 407 708 461 1699.
768 407 937 450 Illustris
966 408 1033 449 ille
1062 412 1122 450 vir
1141 412 1346 463 antiquio-

230 488 311 515 rem
340 475 562 517 doctrinam
591 476 707 529 plane
735 478 903 532 rejecit,
942 491 1197 533 novamque,
1228 482 1346 520 novis

233 542 557 600 firmioribusque
583 545 849 588 fundamentis
875 548 1202 602 superstructam‚
1235 563 1347 591 crea·

226 614 298 654 vit.
358 612 446 668 Ipse
474 627 602 656 tamen
633 617 740 658 suam
771 617 1005 658 methodum
1035 618 1075 657 in
1105 617 1237 659 lucem
1260 629 1344 658 non

225 683 365 724 edidit.
425 684 526 739 Ejus
541 697 734 740 cognatus
750 716 763 732 .‚
796 686 832 726 A
846 700 870 726 n
886 698 913 727 t.
945 686 981 727 L
998 699 1020 727 a
1035 701 1060 727 u
1077 700 1108 728 r.
1134 687 1156 741 J
1174 700 1199 727 u
1215 699 1231 727 s
1247 686 1289 727 si
1305 700 1346 728 e-

226 766 350 803 vus,
393 756 607 795 etiamnum
647 755 930 797 illustrisfimae‘
968 757 1079 798 urbis
1137 769 1346 797 ornamen-

227 832 338 872 tum,
371 822 646 865 Bernardi
680 825 938 879 Jussievi
981 826 1233 874 doctrinam,
1277 839 1348 867 va·

225 893 294 932 riis
336 895 375 934 in
401 893 505 935 locis
547 895 793 937 emendatam
810 926 823 947 ‚
869 897 908 936 in
949 896 1162 950 publicum
1202 907 1346 950 protu-

227 962 275 1002 lit
307 962 399 1016 (ι).

662 1103 686 1156 §
717 1103 913 1145 XXXIII.

285 1241 462 1283 Theoti-a
488 1243 668 1284 methodi
708 1242 958 1297 Jussievi
988 1243 1087 1286 haec
1115 1254 1188 1285 est.
1262 1243 1348 1285 Ubi

226 1314 356 1367 agitur
380 1313 428 1364 de
454 1313 676 1367 plantarum
707 1315 745 1353 in
772 1312 942 1354 familias
982 1313 1180 1355 naturales
1215 1313 1350 1354 distri-

225 1381 421 1432 batione,
454 1395 504 1422 ex
533 1382 617 1436 ejus
648 1381 838 1422 sententia
873 1382 923 1423 ad
964 1383 1171 1425 universos
1212 1395 1347 1423 earum

225 1453 477 1494 characteres
503 1453 709 1504 variasque
751 1464 993 1506 organorum
1036 1453 1187 1494 formas
1220 1462 1348 1493 atten-

225 1523 396 1563 dendum
428 1534 514 1572 est,
559 1524 612 1562 ita
640 1532 768 1561 tamen
796 1533 839 1562 ut
865 1534 947 1562 non
975 1536 1115 1564 omncs
1142 1523 1348 1563 characte-

176 1582 178 1585 ’
225 1605 287 1633 res
333 1592 512 1647 ejusdem
539 1593 659 1645 pretii
691 1591 936 1642 habeantur,
967 1605 1107 1633 verum
1134 1591 1198 1632 alii
1217 1621 1229 1640 ‚
1276 1591 1346 1643 qui

225 1664 351 1718 magis
379 1662 602 1703 constantes
632 1661 749 1710 sunt,
795 1661 912 1710 aliis,
959 1664 1028 1716 qui
1055 1661 1344 1704 variationibus

224 1734 352 1788 magis
380 1733 466 1773 sunt
496 1732 693 1781 obnoxii,
730 1745 1041 1786 praeponantur.
1113 1729 1201 1772 Hac
1231 1732 1346 1785 cogi·
1409 1736 1411 1740 ‘

226 1805 377 1843 tatione
431 1803 600 1851 ductus,
658 1814 789 1856 partes
843 1802 1199 1853 fructificationis,
1246 1813 1344 1855 quas

222 1871 301 1926 jam
330 1872 618 1914 Linnaeus
661 1871 739 1926 (2)
766 1873 914 1928 aliique
955 1873 1123 1928 reliquis
1162 1871 1344 1915 constan-

1266 1953 1344 1982 t1o-

269 2056 332 2103 (1)
353 2060 478 2093 Genera
504 2058 699 2093 Plantarum
714 2083 724 2099 ‚
754 2057 924 2101 fhctmdum
942 2060 1061 2092 ordines
1091 2057 1256 2091 naturales
1280 2055 1344 2088 dis-

218 2117 337 2159 postrav,
375 2115 462 2149 Paris
506 2118 600 2158 1789.
669 2116 750 2150 Usus
792 2115 860 2149 sum
889 2115 1033 2149 editione
1048 2139 1059 2157 ‚
1098 2122 1193 2158 quam
1217 2111 1343 2146 curavit

225 2173 261 2207 P.
292 2171 321 2204 U
337 2181 350 2204 s
368 2181 378 2204 t
395 2181 414 2204 e
431 2171 495 2210 ri,
528 2164 643 2204 TurIci
670 2179 764 2217 1791.

270 2226 333 2273 (ε)
358 2226 458 2261 conf.
482 2227 500 2270 ἓ
525 2227 613 2262 xvi.
633 2261 637 2266 ,
