1519 2729
732 158 954 214 (52)

275 293 482 335 nonnullis
543 293 891 336 observationibus
959 298 1179 338 contrariae
1241 297 1398 350 essent,

277 363 424 404 multae
453 374 581 403 tamen
600 363 664 403 'rei
693 364 886 407 obscurae
915 366 1125 408 clariorem
1165 367 1297 408 lucem
1338 381 1397 408 as-

273 432 506 485 perserunt,
538 434 592 473 ita
620 445 664 474 ut
694 434 804 475 hisce
829 438 1079 488 temporibus
1109 436 1250 477 melius
1279 437 1328 477 de
1349 439 1399 478 iis

268 501 449 555 judicare
478 503 686 554 possimus.
748 504 805 545 Ut
827 516 956 545 autem
984 506 1032 545 ad
1045 507 1250 547 veritatem
1266 508 1303 546 in
1321 507 1396 548 hac

271 582 314 610 re
343 571 608 621 accedamus,
653 573 864 613 nonnullas
893 574 1129 626 praecipuas
1170 587 1396 628 proponam

271 638 511 690 sementim,
557 652 601 681 ut
636 641 716 681 hoc
743 642 867 682 modo
894 642 1056 683 facilior
1084 643 1205 683 nobis
1242 641 1310 685 fiat
1348 642 1397 683 de

270 707 353 750 illis
383 709 620 764 dijudicatio
645 721 686 751 et
715 723 763 752 ex
791 710 852 751 his
880 710 1103 753 conclufio.

765 838 790 891 §
820 837 912 879 XL.

326 961 386 1003 Ut
412 965 545 1004 omnia
565 965 803 1008 animalcula
829 966 1022 1013 infusoria
1049 977 1149 1020 quae
1175 965 1392 1013 dicuntur,

267 1033 323 1072 ita
352 1043 393 1072 ct
418 1046 572 1074 vermes
601 1037 697 1075 oriri
723 1037 959 1077 videbantur
992 1036 1165 1090 antiquis
1206 1035 1287 1089 jam
1325 1046 1392 1074 na-

239 1113 378 1146 ⁴turae
406 1101 707 1145 scrutatoribus,
769 1106 810 1146 Si
840 1107 959 1148 fluida
1001 1106 1155 1147 scilicet
1193 1103 1388 1144 nonnulla

267 1171 349 1210 aeri
374 1183 514 1223 aperto
541 1185 581 1214 et
608 1176 733 1227 quieti
769 1188 840 1228 per
869 1176 1035 1230 aliquod
1075 1175 1268 1227 temporis
1304 1174 1390 1227 spa-

269 1240 366 1279 tium
396 1234 544 1282 fuerint
567 1245 744 1297 expolita
761 1276 773 1296 ,
815 1246 994 1287 videmus
1020 1246 1120 1286 haec*
1157 1244 1389 1298 ubicunque

265 1310 515 1351 animalculis
550 1312 728 1357 scatere.
774 1329 874 1368 quae
914 1327 999 1356 orta
1040 1314 1277 1356 dicebantur
1316 1326 1390 1366 per

261 1381 579 1432 generationem
602 1382 886 1437 Aequivocam
920 1384 1171 1438 (oppofitam
1207 1396 1388 1438 genera-

266 1448 372 1488 riom·
401 1447 611 1491 Univocae
637 1465 703 1492 aut
728 1453 955 1509 Epigenest
982 1455 1142 1502 dictae,
1186 1465 1286 1506 quae
1327 1454 1388 1492 ni-

265 1518 409 1557 mirum
436 1518 694 1570 observatur,
726 1523 751 1564 fi
780 1536 829 1564 ex
854 1524 1116 1572 humoribus,
1163 1535 1184 1561 a
1216 1524 1388 1573 parenti-

266 1586 364 1635 bus,
408 1587 501 1629 sexu
540 1590 767 1641 distinctis,
812 1593 971 1633 secretis
1011 1603 1051 1632 et
1088 1594 1191 1631 inter
1228 1590 1265 1631 se
1289 1605 1387 1633 con-

260 1656 411 1711 junctis
437 1661 587 1701 oriatur
611 1672 759 1702 novum
793 1662 979 1714 animal).
1053 1661 1283 1703 Generatio
1313 1663 1386 1715 igi-

265 1738 333 1768 tur
352 1727 596 1783 Aeqnivoca
622 1744 708 1781 est,
740 1733 809 1773 ubi
839 1746 988 1785 corpus
1023 1731 1215 1780 fluidum,
1250 1732 1386 1784 >quieti

262 1797 477 1848 relictum,
509 1801 534 1841 fi
554 1802 665 1842 *a’e'ris
693 1803 820 1843 aditus
848 1813 888 1842 et
916 1801 1103 1842 modicus
1127 1799 1291 1841 accedat
1320 1814 1383 1841 ca-

263 1866 363 1907 loris
391 1870 559 1924 gradus,
590 1872 833 1912 variantibus
860 1870 1161 1912 circumstantiis
1178 1899 1191 1918 ,
1222 1871 1384 1911 autani-

266 1937 385 1979 mulia
410 1951 476 1980 aut
503 1940 656 1994 plantas
684 1942 908 1995 producere
935 1951 1087 1994 potest.

313 2007 400 2060 Jam
439 2010 546 2062 apud
579 2011 840 2052 Medicorum
884 2022 1036 2064 patrem
1071 2008 1384 2062 Hippocra-

260 2088 361 2117 tem
390 2077 470 2131 (ι)
508 2079 702 2135 legimus:
747 2110 775 2134 ‚,
808 2081 893 2124 Ubi
921 2093 970 2123 ex
1001 2080 1104 2123 lacte
1130 2090 1169 2120 et
1195 2078 1383 2132 sanguine

1225 2177 1256 2201 ‚,
1283 2159 1381 2188 con·

269 2242 274 2249 -
299 2219 360 2265 (ι)
385 2223 459 2258 Lib.
474 2236 506 2269 4.
528 2227 565 2261 de
586 2226 734 2269 Μοϊίνίς,
757 2238 831 2272 pag.
845 2237 916 2263 mea
941 2239 994 2272 70.
1012 2225 1090 2261 edit.
1106 2222 1210 2260 Foc'ssi
1224 2231 1378 2275 a.·‚1595·
