1519 2729
680 121 899 178 (96)

227 264 286 305 cis
327 261 685 309 inflammationes,
730 260 944 310 abcessus,
998 260 1152 313 aliaque
1195 260 1351 313 produ-·

223 344 349 382 cunt,
380 345 461 373 non
491 331 591 372 adeo
625 330 674 371 ad
700 332 894 372 vermium
939 330 1204 384 symptomata
1243 330 1354 371 refe-'

222 403 357 443 renda.
842 399 844 403 ’

281 469 583 512 Observandum
610 482 762 523 porro,
787 470 981 511 foramina
1009 468 1206 510 interdum
1235 470 1345 509 inve-

220 542 297 581 niri
326 543 366 581 in
396 540 530 590 locis,
562 540 762 581 vermibus
793 539 994 587 insolitis,
1032 540 1166 590 prouti
1195 538 1347 578 multae

219 611 371 652 exstant
415 598 715 651 Observationes
756 609 951 651 vermium
997 603 1177 660 (Ascar.
1215 605 1344 648 an-

219 677 385 732 bria),
428 691 502 732 per
526 688 749 731 aperturam
779 690 802 717 e
836 677 971 718 crassis
1007 675 1257 730 egressorum
1285 677 1349 717 ins

220 751 389 796 testinis.

686 817 710 870 §
742 816 873 858 LXV.

276 955 456 1013 Ascaris
483 956 784 997 vermicularis
810 958 850 997 in
880 958 1071 997 intestino
1100 966 1215 997 recto
1256 955 1344 1009 ple-

219 1041 387 1082 rumque
417 1040 498 1067 non
527 1027 627 1067 adeo
657 1025 882 1078 periculosa
908 1026 989 1066 edit
1005 1025 1173 1082 effecta,
1204 1037 1343 1066 verum

218 1110 263 1139 ut
289 1099 507 1151 plurimum
537 1095 775 1136 sensationes
802 1084 973 1149 ingratas
992 1126 1004 1144 ‚
1047 1097 1105 1136 uti
1142 1094 1342 1136 titillatio-

216 1180 286 1208 nes
326 1177 366 1207 et
405 1166 608 1220 pruritus:
641 1164 730 1205 solo
772 1167 877 1205 enim
920 1156 1040 1205 mue-o
1083 1166 1341 1213 nutriuntur,

215 1237 397 1290 adeoque
451 1235 531 1275 hoc
568 1234 809 1285 deficiente,
855 1234 1120 1275 vividioribus
1164 1235 1342 1274 motibus

216 1307 297 1348 sese
339 1309 379 1347 in
419 1305 612 1347 intestino
642 1316 806 1346 movent
835 1305 979 1354 recto,
1024 1315 1068 1344 ut
1106 1303 1340 1345 alimentum

216 1389 435 1431 quaerant,
465 1379 643 1427 'tumque
685 1376 883 1428 imprimis
925 1375 1024 1414 haec
1063 1373 1341 1425 producuntur

214 1447 511 1499 symptomata;
550 1444 653 1485 unde
683 1457 765 1484 non
791 1457 881 1484 raro
908 1442 1118 1495 prolapsus
1159 1442 1340 1482 intestini

213 1516 343 1565 recti,
388 1513 530 1555 deinde
575 1520 738 1565 quoque
797 1511 1126 1552 haemorrhoides
1170 1514 1337 1559 creant,

213 1597 308 1634 aut,
367 1585 392 1626 fi
430 1584 512 1638 jam
539 1582 707 1631 adsunt,
755 1580 1077 1635 sanguinolentas
1121 1579 1209 1619 illas
1251 1580 1338 1620 red-

214 1655 340 1704 dunt3
373 1666 496 1707 porro
526 1653 645 1692 etiam
673 1650 751 1693 alvi
787 1650 1061 1691 adstrictioncs
1102 1660 1169 1689 aut
1212 1661 1339 1690 tenes-

193 1737 317 1777 ¹mos,
375 1722 677 1775 Nonnunquam
703 1733 801 1760 vero
831 1719 957 1774 frigus
987 1718 1183 1758 intensum
1212 1721 1252 1771 in
1282 1720 1340 1758 in-

215 1795 362 1834 testino
393 1791 466 1832 illo
495 1791 677 1831 homines
709 1790 910 1838 sentiunt,
941 1787 1066 1829 veluti
1099 1801 1200 1841 aqua
1228 1787 1340 1843 frigi-

215 1863 263 1903 da
287 1865 327 1902 in
357 1874 473 1902 anum
501 1860 745 1914 injiceretur.

270 1932 346 1972 Per
372 1929 604 1972 consensum
630 1931 804 1982 partium
841 1929 1061 1969 vicinarum
1079 1958 1092 1978 ,
1124 1926 1337 1968 affectione

215 2000 428 2050 translata,
487 1984 682 2051 dJsm-iam
699 2029 712 2049 ,
763 1998 1048 2053 stranguriam,
1094 1996 1304 2038 ischuriam
1323 2027 1335 2045 ,

214 2074 348 2112 urinae
375 2071 676 2112 evacuationem
706 2067 1038 2117 involuntariam,
1070 2066 1223 2121 reliqua
1244 2079 1338 2119 pro-

216 2142 379 2184 ducunt.

1271 2202 1336 2244 Ex
