1519 2729
486 138 741 201 (249)

120 279 177 326 Et
205 282 303 324 haec
332 279 494 334 quidem
524 278 572 323 de
612 276 895 321 convenientia
936 274 1058 322 officii
1094 284 1183 326 per·

64 353 163 396 fecti
194 366 234 393 ct
261 352 457 406 juridicae
486 350 749 404 obligationis
794 346 1000 394 sufficiant.
1074 341 1186 396 Qua-

65 435 181 465 tenus
196 435 292 463 vero
316 421 527 470 differant,
558 422 597 461 in
621 419 811 460 Sectione
840 414 1022 469 sequenti
1049 402 1191 453 dicen-.

66 493 108 534 di
137 494 421 547 opportunitas
452 493 540 532 erit.
602 488 901 530 Concludimus
930 488 1063 537 itaque
1100 480 1193 536 0βὶ-ἱ

67 564 178 605 cium
197 571 281 617 pet
276 561 467 618 fectum
500 559 639 617 quoad
664 557 854 614 effectum
896 555 963 597 vel
1001 554 1188 595 actiones

68 633 165 675 inde
195 632 427 681 oriundas,
461 644 661 686 magnam
702 642 793 670 cum
833 627 940 681 oblit>
923 624 1086 666 atione
1115 623 1189 677 ju·

69 695 215 744 ridica
245 702 406 744 habete
430 701 470 756 s'
470 701 785 749 militudinem
814 697 909 738 inde
936 705 1080 737 tamen
1110 706 1191 734 non

71 772 396 814 concludendum
449 769 531 827 esse
549 802 562 821 ‚
615 768 758 825 officiis
802 765 1008 822 perfectis
1059 764 1189 805 conti-

69 844 168 885 neri
199 842 608 897 jurisprudentiatn
653 840 914 882 naturalem.
957 849 1004 859 -
1045 834 1193 890 Igitur
1253 873 1259 881 ,

76 922 285 967 quatenus
321 910 462 966 officiis
480 910 688 966 perfectis
718 906 908 964 adscribi
940 904 1052 961 poss
1051 915 1068 946 t
1085 906 1192 959 jus,

74 983 122 1025 id
162 993 252 1024 est:
299 992 507 1037 quatenus
546 982 614 1035 leg
592 994 637 1021 <re
666 979 825 1021 morali
849 985 933 1031 pet
964 972 1195 1029 judicandi

66 1051 301 1109 facultatis
333 1052 599 1106 operationes
630 1050 888 1104 jubeamur,
919 1045 1194 1092 indistincte,

73 1120 287 1178 absolute,
321 1123 444 1169 nulla
469 1122 638 1164 ratione
667 1119 824 1162 habita
852 1129 998 1158 rerum
1028 1124 1068 1156 et
1091 1124 1200 1156 ΖεΖΖΖ-,

65 1202 251 1249 porum,
283 1202 407 1234 extet
410 1205 489 1233 nas
526 1201 696 1233 nostras
723 1190 937 1238 actiones,
976 1185 1062 1239 sive
1092 1183 1202 1225 libe--

73 1276 171 1306 rum
190 1263 374 1305 arbitrii
390 1259 537 1316 usum
569 1262 636 1304 ita
663 1259 910 1316 instituere,
943 1266 990 1297 ut
1003 1255 1101 1297 inde
1114 1268 1196 1294 om-

73 1335 192 1376 nium
210 1333 373 1375 omnino
402 1331 617 1373 hominum
645 1331 826 1372 libertas
853 1342 933 1370 non
961 1323 1194 1375 laedatur,

77 1414 253 1446 eatenus
283 1416 389 1445 veta
412 1411 473 1444 est
503 1402 690 1459 definitio
713 1400 912 1457 justitiae
938 1396 1040 1451 (1),
1068 1409 1197 1451 quam

74 1473 270 1515 nonnulli
301 1472 484 1514 tradunt
513 1502 541 1525 ,.
563 1470 765 1527 justitia,
797 1464 1024 1524 inquiunt,
1056 1478 1199 1508 conve-

73 1569 103 1596 „
134 1543 306 1584 nientia
336 1553 398 1585 est
427 1543 641 1585 actionum
672 1550 956 1582 externarum
985 1550 1078 1579 cum
1093 1536 1198 1591 legi-

76 1641 106 1665 „
136 1612 240 1662 bus,
271 1610 407 1666 officia
429 1611 629 1667 perfecta
651 1606 1090 1664 praescribentibus-‚⁹
1080 1605 1106 1621 '’
1136 1617 1199 1645 eo-

76 1694 185 1737 que,
207 1678 336 1735 sensu
365 1682 452 1735 jus
470 1694 581 1723 tum
604 1681 726 1722 illurn
757 1680 932 1727 dicunt,
962 1677 1045 1732 qui]
1065 1673 1200 1730 officia

65 1747 274 1806 perfecta
303 1751 481 1806 implet,
519 1763 781 1805 aequum,
827 1748 901 1803 qui
930 1744 1198 1802 imperfecta·

1118 1815 1198 1856 Im-

125 1945 188 1992 (Ι)
211 1948 344 1994 Forensis
358 1973 369 1990 ,
391 1957 430 1983 ut
454 1949 670 1991 distinguatur
693 1956 711 1980 a
731 1945 870 1979 virtute.
915 1943 988 1977 Viri
1001 1941 1095 1976 docti
1108 1943 1200 1976 refe-

78 2005 193 2039 rebant
223 2005 304 2038 hacc
332 2007 514 2049 praecipue
545 2005 583 2038 ad
608 2006 668 2043 Jus
690 2011 832 2038 naturae
845 2011 970 2044 cogens,
999 1999 1090 2043 quod
1106 1999 1201 2033 dice-

78 2061 176 2102 bant,
207 2071 344 2104 eamque
376 2062 566 2106 usurpabant
595 2062 751 2106 imprimis
790 2059 822 2092 in
846 2056 1042 2099 corrigenda
1059 2056 1200 2099 justitiae

77 2116 272 2152 definitione
309 2128 327 2151 a
360 2119 415 2165 Ju
432 2119 659 2153 stiniano
689 2116 835 2152 exhibita
866 2115 926 2150 Pr.
953 2112 1030 2155 Just.
1056 2114 1096 2148 de
1116 2109 1211 2158 stvsl.⁴

76 2181 111 2210 ct
145 2174 241 2217 Iure,
265 2185 360 2219 quam
391 2174 505 2211 dicunt
526 2176 684 2211 moralem
701 2173 853 2216 J‘ustitiam
875 2171 978 2210 solum
992 2169 1154 2213 spectare.
