1519 2729
574 194 772 253 (3)

113 329 280 385 possunt
309 331 480 387 gaudere
507 332 840 391 universalitate
877 334 904 390 ζ
913 334 988 392 1),
1032 336 1100 380 sed
1136 352 1233 395 qua-

113 412 227 442 tenus
252 414 296 442 ea
312 415 361 444 ex
386 403 423 443 se
449 404 532 456 ipsa
560 408 713 459 promit
740 420 760 448 a
788 408 945 461 priori,
975 408 1234 461 necessario,

110 482 193 510 non
219 484 317 512 vero
343 471 529 515 fortuito.
556 484 558 486 ’
590 474 686 518 Hoc
714 479 820 518 enim
848 479 898 519 ab
930 479 1006 527 iis,
1050 491 1152 532 quae
1181 492 1234 523 ex

110 543 359 594 experientia
389 544 648 595 hauriuntur,
677 547 874 604 segregari
904 550 1046 602 nequit
1077 548 1174 603 (2).
1196 569 1239 581 -
1295 603 1297 605 ι

111 610 343 653 Istiusmodi
383 625 513 655 tamen
554 616 652 667 quid
691 617 805 659 nullo
834 619 958 660 modo
975 619 1093 673 posse
1120 619 1234 670 fieri,

109 682 179 722 nifi
208 694 322 723 antea
345 684 426 737 jam
452 685 576 727 adsmt
608 688 797 729 notiones
824 689 1018 742 quaedam
1036 720 1049 739 ‚
1092 691 1142 732 ab
1165 703 1235 732 ex-

109 753 307 804 perientia
334 755 497 795 minime
522 756 745 808 pendentes
759 770 799 799 et
814 759 1024 812 profectae
1040 791 1053 810 ‚
1077 760 1145 801 sed
1164 773 1234 801 ne-

109 821 301 863 cessariae
327 834 447 877 atque
468 825 674 867 absolutae
699 841 771 881 per
787 829 852 879 se,
884 841 1118 870 nemo‘non
1148 830 1234 871 sen·

110 892 170 930 tit.
203 916 237 922 —
268 893 371 934 Wer
400 895 467 934 die
496 894 688 951 Begriffe
721 899 798 939 der
824 898 862 939 T
858 899 999 954 agend
1032 913 1110 941 aus
1146 901 1234 942 Er-

98 959 302 1016 falzrung
332 960 534 1019 fchbpfen
564 968 730 1017 welhe,
763 982 852 1009 wer
883 970 988 1018 das,
1033 983 1121 1010 was
1149 984 1234 1012 nur

105 1029 327 1086 allenfalls
365 1035 431 1074 als
468 1032 690 1088 Beyfffid,
736 1050 818 1079 zur
845 1039 1234 1082 unvollkommenen

103 1100 410 1159 Erliz‘uterung
448 1105 609 1147 dienen·
633 1106 779 1157 kann,
825 1108 890 1149 als
933 1107 1105 1150 Muster
1135 1123 1234 1153 zum

102 1171 516 1230 Erkenntniszquell
534 1176 712 1218 macheu
739 1178 903 1228 wollte,
936 1202 982 1210 —
1011 1180 1088 1228 der
1117 1184 1234 1222 widr-

102 1241 152 1282 de
193 1254 271 1284 aus
312 1245 389 1285 der
430 1245 469 1286 T
465 1247 606 1302 agend
643 1248 711 1289 ein
751 1247 863 1289 nach
888 1247 993 1290 Zeit
1018 1249 1107 1291 und
1130 1250 1234 1292 Um-

95 1310 276 1366 stiinden
306 1316 600 1358 wandelhares
615 1348 627 1366 ‚
649 1329 714 1358 ‹zu
731 1315 877 1359 keiner
892 1318 1033 1374 Regel
1046 1320 1232 1362 branch-

102 1381 229 1422 hares
257 1385 562 1441 zweydeutiges
591 1388 766 1440 Unding
788 1387 965 1430 macheu
997 1388 1092 1444 (3).
1164 1391 1234 1433 Ad

101 1451 172 1492 has
223 1455 331 1494 enirn
384 1457 611 1499 istiusmodi
656 1458 816 1498 virtutis
861 1460 1051 1499 notiones
1068 1491 1081 1510 ,
1132 1474 1232 1515 quas

100 1523 295 1576 peculiari
327 1536 367 1565 et
396 1525 468 1566 suo
496 1530 662 1569 nomine
694 1526 813 1570 Plato
837 1529 938 1573 ἰδεοες
981 1542 1132 1581 vocat,
1159 1531 1232 1573 illa

101 1591 251 1633 summa
284 1595 448 1636 intuitio
476 1598 664 1649 primarie
700 1608 762 1637 est
801 1597 1022 1640 referenda.
1081 1599 1234 1643 Ratio-

99 1662 161 1700 nis
189 1664 505 1706 enim-universe
534 1680 581 1707 ea
608 1679 669 1707 est
698 1667 885 1718 indoles,
918 1668 989 1710 ille
1015 1683 1077 1711 est
1106 1672 1225 1722 finis,

99 1730 148 1775 ad
180 1744 300 1784 quem
342 1735 469 1776 tendit
509 1738 736 1786 continuo,
779 1749 823 1778 ut
852 1739 1151 1781 multitudinem
1177 1742 1229 1783 ad

71 1801 289 1842 unitatem
330 1816 496 1845 revocet
527 1817 568 1845 et
605 1818 852 1848 concentum
879 1820 901 1848 e
929 1809 1105 1853 dissensu
1127 1824 1226 1866 ope·

96 1880 218 1910 retur.
250 1890 294 1901 --
325 1871 419 1915 Hoc
447 1887 491 1915 ut
517 1875 771 1929 assequatur,
799 1890 882 1919 non
923 1892 1061 1932 potest
1088 1895 1226 1924 carere

95 1941 332 1983 notionibus
361 1943 442 1983 illis
460 1974 472 1994 ‚
505 1959 606 1999 quae
635 1946 826 1989 dicuntur
854 1948 981 1992 ideae.

490 2020 493 2022 ·
1090 2009 1228 2065 Quae-

138 2065 204 2110 (1)
229 2068 258 2101 Κ
273 2077 290 2100 a
304 2078 324 2101 n
336 2077 348 2101 t
365 2093 375 2108 ‚
397 2070 484 2103 Einl.
505 2082 579 2104 zum
600 2072 713 2106 Kritik
739 2073 797 2106 der
817 2074 936 2110 Keinen
950 2077 1129 2124 Verwnft,
1142 2090 1177 2122 p.
1192 2090 1225 2123 3.

139 2120 203 2167 (2)
228 2124 405 2159 Rationem
433 2130 529 2161 unice
556 2128 707 2162 sufficere
731 2131 826 2172 posse
862 2131 900 2165 ad
930 2136 1098 2172 notionem
1124 2136 1225 2173 officii

92 2180 311 2222 praebendam
325 2183 443 2225 probat
458 2185 499 2218 M
507 2195 525 2218 e
537 2185 557 2218 h
569 2196 600 2219 m
613 2196 630 2218 e
644 2187 652 2218 1
665 2211 674 2226 ,
685 2188 718 2219 in
729 2186 842 2228 Comm.
854 2188 892 2223 de
901 2190 960 2234 Offi
974 2192 1017 2228 Ρ.
1031 2200 1063 2228 et
1076 2191 1105 2227 l.
1120 2202 1154 2236 p.
1170 2202 1226 2236 32.

13 2238 32 2261 θ
138 2235 201 2282 (3)
226 2238 323 2273 Kan
339 2248 350 2274 t
366 2264 377 2282 ,
402 2241 425 2275 1.
447 2241 467 2276 l.
489 2252 522 2287 p.
546 2253 626 2288 37¹·
653 2242 717 2279 Ed.
747 2243 816 2288 §¹²-
