1519 2729
774 317 884 372 gv.

267 453 433 512 Causae
468 466 510 498 et
536 456 872 511 opportunitates
905 456 1202 511 praecipuae,
1245 453 1397 511 qulbus

271 552 273 555 .
322 527 384 569 ad
407 526 697 568 idololatriam
718 525 912 580 prolapsi
925 525 1012 580 sint
1037 526 1254 577 Hebraei,
1282 526 1338 568 ab

380 604 585 651 occupata
605 594 704 651 fere
726 595 951 640 Palestina
980 609 1108 651 usque
1128 595 1188 637 ad
1213 609 1280 636 re-

432 667 554 721 giam
595 665 768 719 imperii
799 665 990 721 formam
1027 667 1074 707 in
1098 675 1226 720 gente

581 733 790 778 Hebraea
811 736 1069 792 stabilitam.

268 900 278 904 -
320 862 523 906 Israelitae
554 864 744 919 quamdiu
779 866 819 905 in
844 847 1041 920 Aegypto
1067 862 1253 912 fuerant,
1285 860 1395 902 solos

263 933 563 991 Aegyptiorum
591 949 725 977 mores
753 937 900 977 imitari
944 944 1179 988 potuerunt.
1270 931 1411 973 Nunc*

263 1017 362 1046 vero
404 1006 454 1047 ad
494 1008 703 1062 regionem
735 1005 1037 1047 Canaaniticam
1064 1003 1394 1057 appropinquan-
1439 999 1442 1005 “

264 1085 325 1116 tes
363 1088 513 1117 novum
551 1078 657 1130 quafi
700 1076 841 1116 orbem
871 1074 1211 1131 ingrediebantur.
1271 1071 1399 1112 Nova

262 1147 389 1201 igitur
428 1158 521 1187 cum
562 1146 670 1187 sacra
709 1146 959 1200 adspicerent
1002 1155 1043 1184 et
1091 1143 1220 1192 festa,
1265 1153 1416 1182 novae·

264 1217 498 1257 oriebantur
526 1215 757 1257 illecebrae.
819 1215 1063 1256 Canaiinitae
1091 1213 1198 1252 enim
1214 1210 1395 1265 permul-

263 1297 303 1327 ta
331 1287 372 1326 in
400 1285 519 1327 sacris
549 1286 625 1327 suis
655 1285 887 1334 habebant,
930 1284 1078 1337 quibus
1113 1281 1395 1323 Hebraeorum

262 1357 420 1397 animos
449 1368 583 1395 avero
606 1354 787 1409 Jehovae
815 1354 928 1396 cultu
954 1354 1214 1394 abducerent.
1275 1350 1395 1406 Quae

265 1425 428 1480 quidem
458 1424 633 1464 instituta
660 1424 829 1477 quadam
859 1437 953 1466 cum
982 1423 1200 1478 Aegyptiis
1227 1434 1395 1475 compa-

264 1496 420 1552 ratione
449 1495 604 1547 optime
634 1492 900 1536 illustrentur.
1233 1488 1239 1496 ’

322 1563 566 1605 Cana'anitae
608 1564 648 1602 in
689 1564 816 1603 varias
856 1564 1085 1604 etiamnunc
1123 1561 1400 1603 tribusdivisr

265 1636 456 1677 vivebant
474 1666 486 1684 ‚
530 1647 704 1689 quorum
738 1633 806 1675 alii
841 1631 965 1674 vitam
991 1633 1164 1687 agebant
1193 1631 1396 1674 Nomadi-

265 1719 384 1756 cam,
414 1706 483 1747 alii
508 1706 805 1762 agriculturae,
850 1714 1096 1745 mercaturae
1131 1702 1200 1743 alii
1231 1714 1397 1756 operam

266 1776 476 1817 navabant.
536 1762 730 1830 Aegyptii
773 1785 906 1814 autem
949 1772 1063 1813 civili
1103 1773 1279 1826 quodam
1310 1773 1396 1812 vin-

265 1846 364 1888 culo
387 1846 469 1900 jam
499 1845 635 1886 secum
664 1846 838 1886 invicem
865 1844 1077 1898 conjuncti
1105 1844 1175 1884 uni
1202 1843 1396 1896 parebant

266 1917 353 1969 regi
385 1914 482 1969 (a).
570 1913 717 1967 Neque
755 1927 880 1955 unum
914 1926 1009 1967 prae
1051 1914 1220 1954 caeteris
1258 1912 1394 1954 Deum

267 1983 461 2025 ›solebant
502 1983 774 2034 Canaanitae,⁹
818 1985 885 2026 sed
918 1983 1093 2039 fingulae
1137 1984 1265 2025 tribus
1304 1982 1396 2024 suos

1327 2053 1397 2093 ba·

314 2145 379 2191 (a)
403 2146 510 2186 Hess,
547 2147 570 2180 1.
594 2147 617 2181 1.
644 2146 674 2181 V
698 2146 764 2181 Th.
791 2155 825 2189 p.
857 2155 870 2179 1
896 2143 943 2188 sq.
975 2143 1202 2188 Muntinghe‚
1239 2145 1262 2179 1.
1290 2145 1315 2179 1.
1348 2145 1397 2180 ΙΙΙ

269 2200 335 2241 Th.
360 2214 397 2247 p.
423 2203 485 2245 328
514 2202 563 2246 sq.
