1519 2729
713 161 933 219 (90)

419 347 693 411 PARS
764 310 1193 397 TERT-IA.

287 553 712 586 METHODORUM
763 552 892 582 SIVE
941 546 1344 581 sYSTEMATUM

355 623 753 655 NATURALIUM
797 621 984 649 INTER
1026 620 1086 651 sE
1136 617 1272 648 coM-

672 690 956 722 PARATIO.

524 858 1118 889 W

701 1013 725 1075 5
756 1012 948 1054 vam.

262 1148 602 1248 Methodorum
632 1186 708 1229 five
730 1183 990 1236 systematum
1012 1182 1250 1225 naturalium
1267 1193 1380 1224 enar-

262 1261 419 1316 ratione
447 1270 636 1313 peracta-0
669 1255 767 1295 mihi
797 1254 1004 1308 superest,
1035 1266 1168 1294 earum
1202 1262 1380 1292 mutuam

261 1328 465 1371 instituere
493 1326 853 1381 comparationem.
913 1323 1136 1365 Observare
1164 1333 1293 1370 tamen
1331 1319 1381 1361 li-

263 1410 381 1448 ceat,
427 1410 491 1438 me
519 1399 561 1437 in
587 1395 811 1438 enarrandis
856 1394 969 1434 hisce
1010 1391 1212 1433 methodis
1246 1403 1382 1442 earum

262 1470 429 1517 merita,
461 1468 539 1509 five
569 1465 779 1513 absoluta,
799 1463 889 1519 „five
918 1463 1108 1510 relativa,
1151 1461 1291 1513 pasfim
1321 1461 1394 1519 in·-

263 1538 416 1580 dicasse
445 1550 522 1591 pro
548 1536 725 1584 viribus,
771 1545 845 1574 nec
887 1545 970 1573 non
1007 1531 1380 1584 comparationem,

261 1609 316 1648 ab
344 1609 452 1649 omni
480 1617 591 1660 parte
617 1603 867 1652 absolutam,
912 1615 934 1642 a
965 1601 1053 1642 mea
1078 1598 1249 1673 juvenili
1274 1609 1380 1639 aeta-

261 1690 305 1719 te
332 1676 582 1732 nequaquam
611 1669 834 1727 exspectari
859 1669 992 1725 posse.

323 1747 382 1788 Ut
415 1744 666 1799 'comparatio
704 1743 913 1783 hominum
952 1740 1242 1786 tentaminum,
1283 1736 1384 1792 licet³

265 1807 446 1872 eju'sdem
476 1816 633 1871 generis
652 1843 661 1854 .
707 1811 774 1852 sed
802 1811 935 1865 longis
959 1803 1178 1850 interval‘lis
1211 1809 1314 1848 inter
1342 1806 1384 1847 se

268 1889 539 1941 separatorum
567 1895 608 1924 et
642 1881 901 1923 diverfisfimo
928 1892 1057 1920 rerum
1085 1872 1182 1918 statu
1209 1879 1383 1919 circum-

269 1957 484 2004 datorum,
515 1953 647 2007 qualia
675 1951 762 1992 sunt
791 1965 863 2018 ea,
895 1949 943 1990 de
970 1948 1116 2001 quibus
1141 1947 1225 2000 agit
1265 1945 1383 1985 haec·

267 2039 317 2067 ce
346 2021 781 2070 commentatiuncula,
813 2021 886 2061 rite
914 2018 1206 2064 institueretur,
1249 2014 1383 2054 omni-

270 2107 326 2136 no
350 2095 508 2134 necesse
539 2093 644 2133 ioret
672 2092 721 2132 ad
755 2091 854 2132 haec
889 2089 1021 2129 omnia
1064 2087 1182 2126 bene
1204 2082 1384 2124 attende-

270 2178 342 2215 re,
385 2175 511 2217 caque
552 2160 890 2216 comprehendere
917 2159 957 2200 in
986 2155 1272 2212 dijudicatione
1298 2165 1384 2192 mu-

333 2245 337 2249 ·
1319 2221 1383 2263 tufi
