1519 2729
582 150 868 234 (99)Γ

119 321 343 363 ponerent,
373 314 493 354 animi
520 327 616 356 vero
647 318 839 369 pietatem
869 333 1108 377 morumque
1136 340 1231 380 pro-

120 378 283 420 bitatem
310 394 449 434 parum
480 396 675 426 eu1··.alent
737 388 853 444 Quae
895 393 1056 445 quidem
1095 395 1232 438 Phari-

49 455 56 460 ·
118 448 295 490 saeorum
325 451 429 492 secta
459 466 550 495 cum
576 467 672 508 post
701 451 880 502 exsili-um
910 461 1231 517 Babylonicum,

115 517 290 573 vulgaris
322 520 609 574 superstitionis
630 526 796 568 claustra
823 531 982 581 penitus
1008 534 1231 589 refringen-

115 587 222 628 t-ibus
264 588 535 644 Sadducaeis,
590 598 716 651 magis
760 602 968 654 magisque
1014 605 1229 647 increverit

113 655 296 710 laeteque
320 659 563 714 effloruerit,
594 677 714 719 atque
745 666 1022 714 Hebraeorum
1050 675 1230 718 indolem

111 727 153 766 in
193 728 312 768 rebus
359 729 477 771 sacris
535 737 688 787 optime
746 742 994 792 ostenderit,
1053 758 1229 799 cumque

107 796 191 850 jam
220 809 333 839 antea
373 800 490 855 hujus
532 802 818 859 superstitionis
847 810 994 853 semina
1025 815 1229 868 conspici-

109 879 225 907 antur
247 870 353 921 apud
381 873 634 926 per3multos
668 877 911 921 statuendum
944 885 1111 925 omnino
1137 898 1225 934 est,

109 937 150 976 in
188 937 276 990 ipso
315 939 427 980 cultu
471 942 609 985 divino
653 947 818 988 eandem
854 960 992 1002 patere
1036 955 1226 996 omnibus

108 1008 358 1060 temporibus
396 1011 576 1053 >indolem
605 1012 898 1060 Hebraeorum.

111 1108 116 1112 .
164 1075 244 1118 Sed
265 1079 377 1132 quod
405 1083 575 1122 maxime
604 1096 710 1125 nunc
741 1089 972 1139 quaeritur,
1004 1092 1044 1130 in
1081 1094 1129 1134 iis
1163 1095 1225 1147 ip-

104 1147 178 1196 fis,
208 1161 308 1200 quae
339 1163 586 1194 commutata
616 1153 704 1194 sunt
734 1157 773 1195 in
805 1157 916 1199 cultu
946 1160 1116 1212 divino,
1158 1178 1223 1206 ea·

104 1216 193 1257 dem
222 1231 385 1273 quoque
415 1224 552 1263 mansit
577 1222 856 1267 Hebraeorum
884 1229 1054 1272 indoles.

92 1299 114 1336 j
159 1286 216 1328 Et
256 1290 429 1341 plinium
472 1294 635 1346 quidem
677 1295 718 1336 id
758 1299 928 1340 maxime
965 1303 1143 1344 comitur
1179 1305 1220 1345 in

99 1353 327 1408 Hebraeis,
373 1362 484 1413 quod
526 1363 682 1405 summo
716 1365 845 1407 studio
874 1381 918 1409 ea
944 1369 1099 1424 semper
1124 1386 1220 1426 pro-

100 1425 392 1490 sequebantur,
437 1445 538 1484 quae
582 1434 712 1476 essent
755 1437 843 1478 suae
879 1441 1010 1493 gentis
1051 1454 1118 1482 aut
1149 1446 1221 1485 tri-

99 1496 200 1545 bus,
231 1510 297 1539 aut
325 1500 373 1539 ad
402 1501 512 1541 sulm
538 1506 786 1555 pertinerent
815 1520 1009 1562 regnum,
1040 1524 1108 1553 aut
1128 1527 1215 1555 om-

98 1567 196 1607 nino
230 1581 331 1621 quae
361 1569 490 1610 essent
523 1573 589 1613 sua
623 1586 663 1615 ct
704 1576 775 1616 fibi
811 1581 974 1632 propria
1010 1594 1056 1623 ac
1084 1596 1211 1635 pecu-

96 1636 237 1687 liaria:‚
267 1639 395 1680 aliena
421 1654 517 1683 vero
540 1643 816 1697 despiciebant
846 1650 1017 1690 maxima
1039 1652 1211 1703 invidia,

95 1718 137 1747 et
165 1707 272 1750 suam
300 1723 394 1763 prae
431 1712 519 1754 aliis
561 1715 796 1769 dignitatem
839 1720 984 1760 acriter
1022 1721 1211 1763 defende-—

96 1777 205 1819 bant.
255 1774 258 1778 ’
294 1780 560 1835 Conspicitur
597 1798 730 1826 aurem
772 1786 853 1828 hoc
891 1801 981 1831 ante
1027 1792 1208 1835 exsilium

94 1847 391 1900 Babylonicum
422 1854 462 1893 in
495 1854 699 1896 idolorum
730 1856 855 1898 cultu.
929 1857 1118 1916 Namque
1148 1863 1206 1903 Is-

93 1917 264 1959 raelitici
287 1922 399 1974 regni
427 1924 631 1977 principes
661 1938 829 1979 propter
868 1927 908 1969 id
936 1931 1064 1984 ipsum
1101 1933 1206 1974 sum-

92 2000 160 2028 mo
190 1988 318 2030 studio
345 1992 537 2032 ornabant
563 1994 767 2037 idolorum
803 1997 984 2049 cultum,
1028 2013 1069 2042 et
1100 2002 1204 2044 festa

89 2057 307 2099 reddebant
335 2059 541 2112 solennia,
574 2077 656 2118 quo
684 2067 809 2120 magis
837 2067 956 2109 alieni
985 2072 1114 2114 essent
1129 2086 1200 2114 eo-

38 2176 45 2180 ⁸
88 2138 174 2168 rum
200 2129 309 2168 cives
343 2143 364 2170 a
389 2129 548 2184 Judaici
576 2137 689 2190 regni
718 2138 971 2191 principibus
1005 2153 1046 2181 et
1083 2142 1196 2185 festis

86 2193 489 2274 llieroiolyngitanis:
524 2215 668 2258 atqu-e
720 2209 885 2251 omnino
917 2210 1097 2253 celebris
1137 2225 1198 2254 est

594 2274 632 2315 G
668 2289 690 2316 2
1098 2283 1196 2325 haec
