1519 2729
601 136 822 200 (63)

147 291 229 326 tem
255 282 415 337 pande,
458 280 663 323 interstitia
693 282 797 322 inter
834 279 873 322 se
913 280 1260 335 relinquentibus3

145 353 307 396 necesse
337 364 397 393 est
425 364 470 393 ut
496 353 626 401 aeris,
660 351 724 393 vel
753 352 873 406 ipfius
903 351 1045 406 liquidi
1073 353 1262 407 agitatio-

145 428 226 474 ne',
273 423 366 464 talia
393 421 599 463 interstitia
628 423 749 463 etiam
777 422 1041 476 respondeant
1069 420 1174 462 locis
1213 421 1262 462 li-

146 493 257 547 quidi
299 491 552 545 superficiei,
610 491 683 533 ubi
727 504 898 546 vapores
941 493 1145 541 oriuntur,
1192 494 1261 545 qui

145 564 269 617 igitur
291 561 359 603 illa
387 564 533 602 intrare
561 561 761 612 debeant,
803 575 893 602 cum
923 560 1090 602 calorici
1128 561 1262 601 elasti-

137 633 266 673 ,cit-ate
311 631 390 672 sese
419 631 645 684 expandere
681 633 869 672 nitantur.
929 628 1055 671 Hisce
1099 632 1260 684 vapori»

145 702 221 742 bus
263 701 481 742 succedunt
522 701 620 752 alii,
661 703 731 754 qui
772 701 916 742 eodem
946 701 1069 742 modo
1098 703 1138 741 in
1166 704 1256 743 aere

145 771 442 825 disperguntur.

202 838 544 894 Evaporationem
587 841 752 884 eandem
789 842 870 883 esse
911 842 950 881 in
993 842 1083 882 aere
1128 837 1186 882 ac'
1213 843 1253 883 in

143 922 298 959 vacuo,
340 923 389 950 ex
417 910 751 963 praecedentibus
786 910 942 952 abunde
969 919 1109 962 patetz,
1157 911 1256 951 haec

140 990 293 1021 tantum
319 980 477 1020 obtinet
507 979 750 1030 differentia,
783 980 892 1036 quod
920 980 960 1019 in
987 993 1116 1021 vacuo
1148 980 1255 1021 subi-

141 1061 185 1092 to
226 1049 295 1090 illa
335 1051 463 1091 oritur
498 1063 697 1105 ‘vaporum
741 1051 968 1105 quantiam,
1015 1062 1115 1103 qnae
1164 1057 1256 1092 cum

83 1138 87 1150 ν
141 1128 405 1173 temperatura
430 1131 470 1160 et
509 1119 636 1174 spatio
673 1122 888 1168 convenit,
934 1120 974 1159 in
1003 1120 1259 1173 atmosphae-

137 1193 181 1232 ra
209 1203 306 1231 vero
336 1189 443 1231 lente
473 1190 664 1243 procedit
691 1190 965 1244 vaporis-atio,
1013 1202 1103 1230 cum
1132 1190 1255 1244 ipfius

140 1261 442 1314 atmosphaerae
493 1253 715 1312 particulae
757 1261 1088 1314 impedimentum
1124 1262 1258 1302 (istanc

139 1331 447 1381 mechanicum,
479 1343 673 1383 vaporum
706 1329 902 1372 diffufioni
935 1328 1029 1384 (ι).

195 1400 263 1442 Cl.
295 1398 336 1441 D
354 1399 401 1441 al
419 1413 432 1441 t
450 1413 542 1449 on,
574 1412 617 1441 ut
645 1399 924 1441 determinaret
949 1401 1249 1454 evaporationis

139 1470 384 1513 celeritatem
403 1501 416 1520 ,
441 1470 550 1511 'hanc
579 1472 725 1525 primo
743 1469 843 1511 loco
869 1471 1123 1525 investigavit
1156 1482 1256 1512 tem-

136 1541 320 1596 peratura
345 1539 595 1582 ebullitionis
613 1571 626 1590 ‚
671 1541 711 1581 in
739 1541 1018 1593 atmosphaera
1048 1555 1130 1582 non
1166 1543 1252 1597 agi-

138 1621 246 1661 tata3
291 1611 397 1652 hunc
438 1613 478 1651 in
523 1610 643 1652 fine‘m
688 1610 819 1652 sumfit
845 1624 912 1651 vas
952 1608 1281 1663 cylindricum‚'

137 1681 252 1735 cujus
276 1680 447 1722 altitudo
475 1692 557 1722 erat
590 1693 686 1735 3,25
716 1680 818 1734 poll.
848 1680 972 1736 Angl.
990 1710 1003 1730 ‚
1035 1693 1075 1722 et
1105 1682 1253 1721 diame-

137 1761 240 1791 trum
273 1762 355 1804 2‚5.
415 1749 508 1792 Hoc
539 1763 606 1798 vas
634 1752 736 1805 aqud
762 1749 945 1804 replebat
986 1761 1025 1790 et
1063 1750 1145 1805 igni
1181 1761 1251 1789 ex-

134 1814 342 1873 ponebat,
388 1831 432 1861 ut
468 1833 569 1874 aqua
605 1821 824 1869 ebullirett,
869 1819 1012 1860 deinde
1048 1832 1115 1859 vas
1145 1819 1249 1871 aqua

92 1903 94 1906 ’
132 1888 330 1941 repletum
357 1890 635 1943 ponderabat3
682 1903 761 1944 ope
791 1891 896 1930 enim
928 1890 1047 1930 trium
1086 1887 1249 1929 filorum

133 1970 200 2000 vas
229 1959 378 2000 bilanci
408 1960 593 2014 suspendi
635 1972 822 2014 poterat,
867 1959 960 2000 dum
997 1957 1248 2007 ebullitionis

1149 2040 1248 2068 tem-

175 2116 238 2163 (ι)
258 2092 320 2154 Cf.
342 2120 502 2164 Hauy,
525 2122 548 2156 l.
575 2121 597 2157 1.
627 2120 723 2157 Tom.
754 2119 782 2154 Ι.
808 2128 882 2162 pag.
909 2118 995 2159 128,
1023 2127 1111 2161 129,
1146 2127 1182 2153 ut
1213 2128 1247 2153 et

130 2175 190 2214 181
215 2177 306 2220 seqq.
