1519 2729
555 147 786 213 (⁵15

83 289 260 345 superest
290 290 481 346 scriptum
498 323 512 343 ,
557 307 641 348 quo
669 295 719 337 de
744 294 840 351 Jure
866 297 1037 341 naturali
1063 298 1112 341 de
1148 301 1209 341 in·

81 356 392 402 dustria'actum
421 363 479 404 fit.
540 363 655 407 Illius
681 368 817 421 itaque
847 367 955 422 Juris
995 371 1208 412 notionem

80 429 277 482 quandam
303 431 528 473 habuerunt
556 433 617 476 illi
646 449 773 493 aeque
799 449 846 478 ac
871 436 996 491 JCti,
1027 450 1109 479 non
1139 449 1209 479 ve·

77 509 126 538 ro
169 510 256 539 eam
301 511 488 555 tanquam
539 502 740 558 separatae
787 506 959 562 alicujus
1002 507 1212 549 doctrinae

79 570 283 611 materiam
327 572 640 616 considerarunt.
670 596 707 608 -
735 576 965 632 Utrumque
1017 579 1124 624 enim
1169 589 1211 619 et

79 635 373 693 obligationem
421 634 636 697 J’uridicam
676 647 896 690 naturalem
938 658 979 688 et
1029 647 1209 690 officium

76 718 128 748 ex
143 708 284 749 iisdem
301 710 485 754 fontibus
499 713 778 758 deducendum
796 718 880 759 esse
899 718 1095 773 putabant
1112 748 1125 768 ,
1156 730 1208 760 ex

76 776 227 818 summa
263 777 333 820 illa
359 779 451 836 lege
481 783 650 835 morali,
683 800 786 842 quae
813 790 1013 831 contraria
1042 789 1208 842 quaevis

74 856 116 898 et
146 847 218 888 fibi
245 852 508 905 repugnantia
536 852 722 907 damnat,
753 871 856 912 quae
884 858 1104 914 perfectam
1139 858 1208 900 de-

77 916 218 957 fiderat
243 917 505 962 harmoniam'.
568 922 653 979 Qui
682 938 824 968 contra
839 929 1074 984 eamlegem
1091 930 1205 984 agit,

72 986 152 1026 five
179 988 219 1027 in
244 989 434 1039 civitate,
465 990 593 1034 aliena
622 994 844 1048 usurpans3
877 1000 955 1040 five
983 1000 1023 1039 in
1046 999 1117 1039 suo
1144 1000 1210 1052 ip-

75 1055 149 1097 sius
177 1059 312 1100 animo
339 1059 507 1103 affectus
531 1063 894 1120 cupiditatesvejn
923 1081 1044 1122 prava
1083 1081 1206 1122 quae-

72 1138 152 1179 que
181 1129 345 1189 tendere
373 1130 508 1184 passus
525 1163 539 1182 ‚
584 1133 756 1188 injustus
782 1147 841 1176 est
861 1139 1036 1191 antiquis
1064 1149 1105 1179 et
1131 1139 1205 1179 im-

71 1197 226 1250 probus
242 1229 256 1249 ‚
282 1211 424 1241 contra
450 1201 583 1257 legem
615 1205 809 1248 moralem
837 1219 964 1261 aeque
991 1220 1038 1248 ac
1064 1219 1207 1250 contra

70 1266 204 1322 legem
231 1269 444 1323 J'uridicam
470 1285 660 1325 peccans.

128 1337 201 1378 III.
233 1337 398 1381 Haecce
430 1342 626 1397 cujusque
653 1349 811 1400 generis
847 1348 1075 1390 eruditione
1104 1361 1204 1389 con-

70 1405 211 1461 spicua
240 1420 451 1463 tempora,
483 1414 702 1458 tristisfima
728 1420 893 1473 excepit
913 1419 1129 1460 barbaries.
1159 1440 1206 1453 -

69 1474 202 1518 Variis
246 1479 370 1521 causis
402 1467 532 1522 tame‘n
563 1482 716 1529 factum
745 1501 832 1541 est,
872 1500 916 1530 ut
943 1501 1101 1530 renatae
1130 1492 1204 1532 snt

69 1547 107 1586 in
137 1546 304 1603 Europa
329 1550 508 1602 litterae,
539 1566 664 1609 utque
685 1560 804 1600 etiam
845 1571 983 1600 nostra
1023 1560 1206 1614 discipli-

67 1628 117 1655 na
143 1629 224 1658 non
253 1620 354 1660 adeo
382 1625 563 1672 renasci,
612 1625 678 1666 scd
708 1631 846 1683 potius
877 1631 972 1670 oriri
1005 1632 1202 1683 coeperit.

70 1683 114 1724 In
160 1690 365 1729 communi
408 1693 514 1731 enim
554 1694 624 1735 illa
663 1707 783 1749 atque
812 1697 1041 1739 felicisfima
1069 1712 1201 1742 rerum

67 1757 329 1798 conversione
370 1762 438 1801 vix
477 1761 593 1803 aliter
628 1764 730 1806 fieri*
755 1768 919 1820 potuit,
965 1769 1060 1820 quin
1089 1770 1201 1822 quod

65 1826 219 1878 antiqui
237 1825 294 1868 illi
312 1829 490 1883 incipere
509 1843 783 1885 tentaverant,
815 1837 972 1877 efficere
987 1839 1106 1878 etiam
1130 1852 1199 1894 ag-

63 1895 323 1948 grederentur
354 1897 438 1948 illi,
482 1902 553 1953 qui
587 1904 627 1942 in
656 1905 837 1945 omnium
869 1908 1012 1948 artium
1049 1907 1202 1949 doctri-

13 1981 27 2015 s
61 1976 282 2018 narumque
324 1968 446 2008 renat
438 1981 605 2011 ratione
655 1975 932 2024 promovenda
988 1977 1200 2031 conspicui

62 2032 232 2075 fucrant.
294 2035 370 2078 Per
398 2037 620 2081 Baconcm·
615 2043 755 2096 ·igitur
783 2044 1057 2088 Verulamium
1084 2049 1200 2102 cogi-

63 2104 169 2143 tandi
211 2107 313 2146 ratio
347 2110 474 2162 magis
503 2110 583 2163 jam
611 2121 694 2150 erat
723 2113 902 2155 exculta.
964 2115 1197 2158 Desiderius

62 2170 275 2223 Erasmus,
323 2177 642 2222 Lxlelanchtouus
685 2180 835 2236 aliique
853 2214 866 2234 ,
913 2187 1064 2243 signum
1107 2188 1199 2227 dein

1081 2269 1196 2312 prae-
