1519 2729
598 205 821 264 (79)

96 377 102 386 .
130 350 301 390 buerunt
321 348 430 396 vim,
461 355 506 386 ut
529 357 691 402 omnem
719 345 769 386 ad
785 343 1056 385 idololatriam
1085 356 1262 397 propen-

130 421 279 460 fionem
305 430 357 458 ex
383 415 666 457 Hebraeorum
699 416 841 456 animis
870 415 1060 457 radicitus
1088 413 1264 455 evellere

66 480 71 485 ⁴
129 489 349 543 potuerint.
411 485 581 526 Etenim
609 498 693 526 non
735 498 782 526 ea
823 486 944 526 nobis
969 485 1096 527 exfilii
1132 485 1264 536 Baby-

128 558 255 599 lonici
283 568 343 597 est
372 555 623 596 informanda
638 558 754 598 notio
771 585 783 605 ‚
816 555 924 608 quafi
942 567 1082 596 omnes
1110 555 1266 607 semper

127 630 170 669 in
183 627 422 670 conditione
438 627 599 679 penitus
623 627 765 668 misera
790 626 1053 668 versarentur.
1085 624 1265 665 Praeter-

127 712 249 753 quam
275 699 410 746 enim‚
441 696 553 750 quod
581 696 767 737 nonnulli
794 709 936 738 eorum
967 698 1174 750 principes
1204 695 1265 734 vi-

128 771 161 810 ri
187 768 473 822 saepenumero
501 765 609 808 haud
638 768 790 821 exiguo
817 767 858 806 in
886 767 1043 807 honore
1060 765 1264 806 habeban-

127 852 193 881 tur
231 836 344 893 (α),
402 837 587 891 plerique
625 837 673 878 de
715 836 843 891 vulgo
890 836 1032 891 Judaei
1075 837 1116 876 in
1157 835 1269 876 locis

126 909 307 950 amoenis
346 920 394 948 ac
435 906 639 948 fertilibus
682 907 915 948 habitabant
954 907 1005 947 ad
1047 906 1264 947 Chaborae

126 979 380 1030 aliorumque
397 976 649 1028 Babyloniae
678 976 893 1017 fluviorum
926 977 1053 1029 ripam
1070 1007 1084 1027 ,
1114 975 1187 1016 ubi
1213 975 1264 1015 li-

127 1051 254 1090 citum
281 1049 330 1087 iis
357 1059 441 1087 erac
468 1046 617 1087 domos
653 1046 890 1097 aedificare,
936 1059 1056 1102 agros
1100 1046 1262 1088 hortos-

127 1130 206 1172 que
262 1116 399 1158 colere
450 1129 498 1157 ac
542 1117 665 1157 vitam
703 1130 822 1173 agere
863 1116 1122 1171 tranquillam
1167 1115 1262 1171 (b).

127 1187 279 1230 Nonne
311 1188 435 1242 igitur
461 1187 649 1242 augurari
688 1187 860 1238 liceret,
905 1187 1144 1236 Hebraeos,
1175 1200 1263 1228 mu·

130 1269 209 1299 tata
234 1258 498 1303 conditione,
534 1257 606 1298 suo
643 1260 766 1312 genio
795 1258 1023 1300 indulsuros
1049 1271 1181 1312 eoque
1204 1257 1262 1299 fa-

129 1329 247 1370 cilius
272 1328 527 1370 idololatriae
568 1329 725 1370 macula
748 1329 829 1370 sese
856 1329 1082 1371 infecturos
1111 1328 1262 1379 fuisse,

129 1402 199 1454 qui
233 1401 274 1440 in
313 1401 523 1453 peregrina
553 1399 722 1453 regione
760 1399 940 1453 Jehovae
983 1398 1108 1440 tutela
1146 1398 1262 1439 desti-

130 1472 205 1511 tuti
229 1469 381 1523 suoque
411 1469 580 1510 arbitrio
606 1469 739 1510 relicti
768 1469 1030 1510 viderentur?
1060 1467 1152 1510 Nos
1172 1471 1263 1523 qui-

131 1540 223 1582 dem
239 1540 458 1582 destructae
479 1540 632 1593 patriae
660 1540 876 1594 dirutoque
902 1539 1058 1593 templo
1085 1553 1131 1581 ac
1157 1542 1263 1594 pris-

134 1612 307 1652 tinorum
338 1611 542 1652 bonorum
568 1609 746 1665 jacturae
776 1624 989 1666 magnam',
1021 1610 1096 1652 nec
1130 1622 1263 1651 tamen

131 1695 294 1723 omnem
307 1683 386 1722 vim
405 1681 632 1721 tribuimus,
675 1679 968 1734 Praepararunt
983 1681 1081 1722 haec
1096 1681 1266 1722 ulterius

131 1750 592 1794 animosHebl-aeorum
611 1781 624 1800 ,
656 1753 725 1803 qui
743 1782 755 1799 ‚
788 1765 882 1792 cum
909 1760 1064 1806 partem
1094 1766 1262 1801 eorum,

132 1834 232 1874 quae
274 1823 498 1875 prophetae
538 1822 744 1862 vaticinati
789 1833 927 1871 erant,
973 1836 1119 1864 eventu
1149 1836 1264 1863 com-

130 1892 302 1945 probata
333 1891 549 1941 vidissent,
600 1891 738 1932 idonei
766 1888 1054 1941 redderentur,
1101 1904 1144 1934 ur
1177 1906 1265 1933 om·

131 1964 192 2004 nis
233 1964 390 2017 generis
432 1963 743 2004 vaticinationes
785 1961 1162 2018 admonitioncsque
1207 1975 1263 2004 at—

1179 2045 1264 2074 ten-

177 2132 240 2179 (a)
266 2145 283 2168 2
305 2134 395 2176 Regu
414 2134 513 2168 XXV:
539 2144 581 2179 27
596 2150 612 2159 α
627 2142 681 2175 3ο.
705 2133 787 2167 Dan.
813 2134 849 2171 Ι,
873 2134 930 2168 VI:
957 2145 971 2169 1
989 2145 1052 2177 -3.

179 2190 238 2235 (b)
264 2191 387 2237 jerem.
414 2191 532 2227 XXIX:
562 2200 580 2234 5
599 2200 661 2235 ·.⁷·
696 2189 798 2224 Conf.
828 2191 976 2232 Pareau,
1012 2192 1130 2236 Antiq.
1159 2192 1265 2226 Ηώς,

133 2257 205 2293 Pssg·
234 2259 297 2293 24,
323 2258 355 2283 et
385 2247 578 2298 Royaargls,
602 2249 621 2284 l.
654 2248 676 2282 l,
705 2256 769 2291 pag
802 2249 875 2290 138.
1007 2256 1013 2261 .
