1519 2729
738 179 987 235 (128)

448 368 1268 413 CAPUT,›TERTJUM

329 561 412 603 DE
442 561 648 614 NOTIS,
691 560 904 618 QUIBUS
950 560 1262 604 PERFECTA
1300 559 1397 602 OF-

386 644 544 686 FICIA
580 645 654 685 AB
698 644 1091 685 IMPERFECTIS
1123 642 1341 684 DISTIN-

442 726 649 768 GUERE
686 724 1176 766 LABORAVERUNT
1208 724 1285 766 VI-

688 807 751 849 RI
782 805 1046 849 ERUDITI.

515 982 1203 1015 mb—

301 1125 407 1210 ΕΧ
434 1159 705 1221 superioribus
722 1197 735 1217 ‚
780 1180 882 1221 quae
908 1166 1056 1220 Capite
1083 1166 1136 1207 ΙΙ.
1168 1167 1322 1208 tradere
1352 1180 1423 1209 co·

286 1238 381 1283 ¹nati
399 1237 555 1288 sumus,
586 1240 737 1291 patuit,
768 1250 850 1291 quo
883 1237 1051 1278 confilio
1078 1236 1148 1277 illa
1174 1238 1315 1278 divifio
1339 1238 1424 1279 offi-

302 1300 459 1348 &lorum
497 1309 537 1347 in
573 1307 757 1348 Perfecta
800 1318 840 1347 et
881 1307 1123 1359 Imperfecta
1153 1308 1192 1346 in
1221 1306 1424 1360 jurispru-

303 1378 436 1417 dentia
475 1378 643 1418 naturali
672 1378 792 1418 fuerit
823 1379 1039 1431 proposita.
1099 1376 1175 1417 Per
1204 1390 1289 1417 eam
1319 1375 1425 1417 scili-

301 1457 388 1495 cet,
412 1446 770 1499 Jurisprudentiam
797 1448 847 1487 ab
871 1446 1020 1487 Ethica
1035 1448 1250 1499 separatam
1279 1445 1425 1487 consti-

303 1527 412 1556 tuere
441 1516 663 1556 doctrina-m
690 1516 762 1556 fibi
788 1515 1025 1557 videbantur
1062 1515 1297 1569 philosophi
1335 1515 1426 1556 lon-

301 1597 353 1639 ge
377 1585 554 1638 plurimi.
593 1584 699 1625 Cum
726 1598 823 1625 vero
847 1585 946 1639 juris
973 1584 1131 1626 notioni
1157 1598 1229 1638 per
1252 1585 1291 1625 se
1318 1586 1424 1625 inest

301 1653 472 1694 facultas
491 1654 685 1708 cogendi,
718 1654 785 1694 illa
815 1654 987 1708 cogendi
1016 1665 1193 1706 potestas
1218 1656 1425 1704 criterium

301 1722 523 1776 sejunctum
551 1723 735 1777 gencrale
763 1724 993 1770 constituit,
1026 1737 1109 1775 quo
1138 1735 1258 1777 apte,
1291 1735 1333 1765 ut
1365 1725 1424 1764 vi-

302 1793 494 1841 debatur,
527 1794 709 1847 dignosci
727 1794 889 1845 posscnt
918 1794 1046 1834 officia
1068 1793 1246 1846 perfecta
1272 1793 1320 1833 ab
1350 1794 1423 1832 im-

299 1863 492 1915 perfectis
509 1861 603 1917 (1).
651 1864 767 1904 Varie
794 1876 923 1904 tamen
953 1863 1053 1904 hanc
1083 1875 1218 1904 notam
1235 1862 1424 1904 definive-

297 1945 391 1974 runt
420 1947 469 1975 cx
496 1935 687 1987 varioque
721 1934 949 1987 petiverunt
977 1934 1103 1982 fonte.
1163 1933 1271 1975 Cum
1296 1944 1423 1981 vero,

1290 2038 1298 2043 ,
1361 2014 1421 2044 ut1

337 2102 358 2146 (
363 2101 399 2145 1)
425 2105 558 2137 Plurimi
584 2106 679 2138 etiam
705 2106 734 2137 in
760 2115 802 2138 eo
830 2113 937 2138 notam
964 2113 1088 2138 certam
1109 2105 1259 2139 invenire
1287 2103 1345 2137 sibi
1374 2102 1424 2135 vi-

290 2158 432 2199 dentur,
457 2162 546 2201 quod
572 2163 677 2194 officia
701 2163 854 2204 perfecta
878 2162 1052 2196 eonfistunt
1073 2163 1104 2194 in
1132 2160 1339 2201 abstinendo,
1364 2160 1423 2192 im-

287 2216 443 2257 perfecta
468 2226 551 2250 vcro
571 2218 603 2250 in
619 2217 769 2262 augendo
797 2229 860 2261 co,
898 2217 988 2261 quod
1016 2217 1148 2251 alterius
1175 2215 1237 2257 jam
1266 2224 1342 2257 est,
1369 2217 1422 2249 vel

482 2278 485 2281 ·
1365 2272 1422 2305 tri-
