1519 2729
564 139 782 195 (63)

170 279 292 320 11111112.
324 279 448 320 Extra
463 289 610 329 corpus
625 277 838 319 humanum
855 278 935 319 dari
953 292 1104 321 vermes
1133 296 1224 324 cum

114 350 194 390 illis
234 352 273 390 in
315 363 365 390 eo
409 347 678 388 habitantibus
712 350 1024 398 convenientes,
1070 352 1126 391 uti
1156 355 1225 404 qui

113 419 184 459 sub
208 431 299 459 cute
329 418 481 458 habitat
507 415 792 456 nonnollurum
823 418 1040 459 incolarum
1066 419 1226 460 Africae

111 500 152 528 et
193 487 425 534 Ameriam,
478 486 517 524 in
563 485 750 524 intestino
788 498 900 526 recto
942 489 1226 531 nonnullorum

110 556 366 605 animalium,
396 569 434 595 v.
464 568 501 595 c.
532 554 653 594 boum
671 583 684 602 ,
715 554 756 593 in
781 555 861 595 finu
891 554 1082 608 frontali‚
1121 560 1227 600 aliis-

111 639 203 681 que.

168 695 334 736 Illorum
361 705 491 734 autem
520 693 706 731 introitus
744 692 782 731 in
810 704 957 745 corpus
998 694 1117 736 facile
1159 710 1227 740 ex-

109 765 310 819 plicatur:
342 765 497 817 priores
524 763 631 801 enim
660 762 783 801 entim
818 774 951 802 revera
992 765 1225 816 perforant,

109 835 223 876 alteri
269 847 341 887 per
379 845 526 880 anum,
569 843 608 871 et
653 830 758 870 tertii
796 830 1082 884 respiratione,
1126 850 1226 888 quae

110 917 182 957 per
209 915 321 943 nares
352 903 422 950 fit,
460 902 632 949 intrant,
678 914 848 953 quorum
877 901 1046 955 plurima
1086 903 1225 958 legun-

110 985 174 1015 tur
203 971 385 1024 exempla
414 969 508 1024 (1).
569 969 806 1011 Notandum
841 984 972 1013 autem
1014 986 1100 1023 est,
1143 988 1225 1016 non

110 1040 435 1082 confundendum
474 1039 556 1079 esse
597 1039 663 1089 id,
707 1040 818 1093 quod
858 1053 939 1081 non
969 1043 1223 1097 observamus

109 1123 205 1159 cum
249 1110 323 1157 iis,
366 1120 466 1162 quae
520 1108 797 1159 observamus,
840 1110 894 1152 sc.
945 1116 1226 1155 convenientia

110 1179 223 1220 nullo
249 1179 371 1219 modo
399 1179 562 1231 probari
586 1182 720 1232 potuit
748 1181 848 1220 inter
863 1178 1092 1234 Asbarides
1122 1182 1225 1224 Ver-

110 1250 335 1290 miculares
352 1279 364 1296 ‚
396 1262 433 1288 v.
461 1261 498 1288 c.
525 1260 565 1288 et
591 1249 828 1290 animalcula
855 1261 966 1291 extra
984 1264 1131 1305 corpus
1152 1253 1224 1293 hu-

110 1331 268 1358 manum
309 1318 510 1366 viventia,
552 1330 603 1357 ne
644 1318 741 1371 quid
762 1319 891 1359 dicam
914 1321 962 1360 de
993 1320 1225 1374 Cysticerco

110 1386 355 1440 celluMsae,
396 1386 639 1429 Distomate
678 1386 868 1441 hepatico
911 1401 951 1430 et
987 1390 1224 1444 multiplici-

111 1458 185 1499 bus
213 1456 300 1497 aliis
328 1454 422 1510 (2).

1046 1535 1112 1583 4⁰.
1143 1531 1227 1572 Da-

155 1649 217 1695 (1)
242 1641 611 1696 Confijcsrdensgl.
641 1660 673 1684 c.
701 1652 796 1686 Tom.
818 1653 862 1687 ΙΙ.
891 1663 962 1696 pag.
992 1665 1064 1689 112.
1104 1657 1227 1690 Exem-

111 1708 200 1750 plum
219 1707 355 1739 animalis
376 1716 450 1739 cum
478 1716 558 1746 aqua
578 1708 696 1749 ingesti
721 1717 754 1740 et
778 1710 862 1741 ultra
898 1719 1037 1753 quatuor
1072 1713 1226 1746 mensium

112 1763 243 1808 spatium
266 1764 385 1796 retenti
409 1764 440 1795 in
464 1764 670 1804 ventriculo,
692 1773 709 1795 a
738 1767 904 1799 vermibus
933 1775 1037 1800 tamen
1056 1768 1226 1811 distincti,

111 1820 178 1861 legi
219 1828 329 1861 potest
362 1818 447 1861 apud
477 1820 513 1852 P.
537 1819 595 1852 Le
625 1821 812 1863 Clercq‚
849 1822 1116 1867 Mltuurlmndige
1137 1828 1228 1860 Am-

111 1877 314 1917 merkingmz,
348 1875 432 1908 Part.
467 1876 494 1908 I.
521 1885 592 1918 pag.
621 1886 695 1919 399.
717 1886 749 1910 et
772 1877 877 1910 videri
911 1879 974 1912 tab.
1011 1891 1043 1922 4.
1075 1880 1129 1923 fig.
1157 1894 1226 1926 40,

113 1940 147 1966 et
183 1932 204 1965 fi
243 1931 322 1965 fides
360 1933 464 1965 relato
497 1933 606 1965 haberi
633 1933 752 1975 posin,
788 1934 937 1967 videatur
977 1936 1228 1981 Nederlandsaa'ze

111 1990 378 2028 Staatscommlt,
403 1998 440 2030 31
469 1990 553 2034 Junii
581 1990 684 2030 1822,
707 1990 764 2024 ubi
789 1990 935 2033 ejusdem
969 1992 1018 2025 rei
1045 1993 1224 2029 invenimus

112 2046 309 2087 exemplum.

159 2099 220 2144 (2)
246 2101 319 2134 Hoc
340 2101 434 2134 etiam
456 2111 520 2134 non
548 2101 730 2136 observavit
752 2104 936 2137 immortalis
971 2105 999 2138 L
1015 2105 1057 2138 in
1073 2116 1092 2139 n
1107 2117 1124 2138 a
1140 2118 1157 2140 e
1174 2118 1194 2141 u
1207 2119 1222 2142 s

110 2166 187 2192 cum
206 2156 355 2202 Ascaride
375 2158 597 2194 Lumbricoi'de.
619 2160 717 2194 conf.
742 2160 772 2194 G
788 2163 809 2193 ὅ
826 2170 844 2194 z
861 2170 879 2194 e
895 2186 905 2201 ‚
929 2161 951 2195 1.
974 2171 1005 2196 c.
1022 2173 1057 2206 p.
1084 2173 1136 2206 17.
