1519 2729
544 155 797 215 (101)

103 295 269 339 modum
285 297 437 339 multas·
457 296 541 338 esse
570 293 768 346 rationes,
798 307 902 351 quae
920 307 995 338 nos
1022 293 1236 338 ad-Deum

103 367 400 422 agnoscendum
428 367 573 409 ducant
590 397 604 417 ,
648 368 721 416 vel⁴
742 369 880 421 potius
919 366 1144 423 propensos
1170 365 1228 408 fa-

101 437 240 486 ciant,
270 450 416 491 easque
444 437 575 478 multo
603 436 738 490 plures
768 439 846 488 iis,
877 449 979 490 quae
1001 437 1230 491 oppositam

102 505 317 548 defendant
346 507 578 548 sententiam
596 537 608 557 ‚
655 518 785 547 tamen
814 507 977 547 minime
1019 518 1238 548 commem

102 576 230 617 danda
258 577 438 624 ‚videtum
526 577 586 618 Ita
629 578 735 618 enim
775 576 802 617 fi
832 574 895 617 res
935 575 1014 617 sese
1056 576 1230 627 habeat,

100 646 316 700 aliquando
360 647 447 688 fieri
500 648 680 701 poterit,
726 658 771 686 ut
814 648 942 688 maior
968 658 1113 691 ,rerum
1159 658 1237 694 co-⁴

100 717 262 771 gnido,
313 729 433 770 quam
483 730 561 770 qua
613 705 833 758 hodiedum
897 718 1076 766 utimur,
1133 716 1243 757 affe--

98 797 159 827 rat
198 788 608 828 maioravmomenta·
642 787 869 836 contraria,
923 787 1096 841 quibus,
1135 785 1229 828 sub-

97 854 231 896 ductis
255 857 481 896 rationibus
495 886 509 905 ‚
540 857 712 906 efficias,
730 857 917 899 divinam
939 860 1120 901 naturam
1143 868 1229 897 non

98 924 196 965 dari.
291 924 405 965 Talis
445 925 711 978 probabilitas
738 926 860 967 nobis
886 938 970 966 non
1008 926 1144 980 placet
1186 927 1241 968 in.

96 995 245 1043 rebus,
288 1007 456 1046 quarum
499 995 631 1036 nostra
662 996 845 1036 omnium
886 998 1059 1037 maxime
1104 997 1227 1036 inter-

96 1074 186 1111 est,
231 1075 334 1116 quae
366 1063 532 1105 salutem
562 1064 757 1106 moralem
798 1065 975 1106 hominis
1005 1075 1107 1106 caet·
1138 1063 1237 1119 spe--

96 1142 221 1173 etant.
295 1132 543 1175 Laetandum
573 1136 698 1190 igitur
725 1134 847 1176 nobis
889 1136 988 1185 erit,
1033 1136 1059 1177 fi
1102 1148 1237 1189 quan-1

95 1202 150 1246 do
182 1203 338 1244 constet
368 1206 561 1246 maiorem
591 1204 727 1247 nostro
756 1210 995 1260 argumento
1023 1204 1109 1247 esse
1139 1217 1228 1249 cet·

95 1272 278 1314 titudinis
300 1272 473 1315 landem.
537 1300 541 1303 Δ
1046 1294 1049 1296 -

590 1416 629 1469 ς.
661 1414 714 1457 11.

96 1551 256 1610 Nostra
297 1557 617 1611 argumentatio
658 1567 822 1600 certam
849 1559 964 1602 nobis
992 1554 1229 1615 persuasi&

224 1643 226 1645 >
479 1640 572 1669 nem
594 1624 857 1684 suppeditat.

128 1760 351 1805 ‘Continet
385 1766 853 1822 nostra-argumentatio
894 1769 991 1811 duo·
1017 1782 1228 1826 argumen-

97 1842 229 1873 torum
273 1843 442 1887 genera:
489 1836 628 1878 finium
667 1840 774 1880 enim
818 1850 858 1881 et
898 1840 1241 1882 adiumentorum-

96 1899 234 1941 seriem
278 1915 405 1956 usque
442 1906 492 1946 ad
533 1907 651 1948 finem
679 1907 868 1950 ultimum
898 1910 1111 1951 extendere
1155 1925 1241 1953 cu-·

94 1971 282 2023 pientes,
326 1974 459 2026 primo
486 1974 584 2016 loco
611 1979 922 2032 adspectabilem
950 1993 1082 2022 rerum
1109 1984 1245 2022 natu-³

94 2051 207 2103 tam,
254 2041 429 2083 secundo
468 2046 702 2089 rationalem
731 2062 778 2091 ac
809 2050 1001 2092 moralem
1045 2053 1244 2094 hominis:

96 2109 272 2151 indolem
291 2141 304 2158 ‚
333 2115 597 2167 contemplati
615 2117 759 2160 sumus.
791 2147 835 2154 —
865 2119 995 2162 Huius
1010 2133 1141 2163 autem
1162 2135 1240 2164 att⁴

89 2183 406 2235 gumentationis
448 2196 494 2227 ea
534 2187 632 2228 mihi
662 2189 927 2242 vIdeturviS,
967 2205 1045 2246 qua
1071 2194 1244 2234 animus*
1278 2179 1281 2183 Y

1157 2275 1225 2305 ve-
