1519 2729
618 150 815 244 (⁷)

138 290 372 335 facultatem
411 304 476 334 me
513 291 771 347 assequutum
811 291 895 336 esse
927 304 1010 336 non
1039 293 1267 349 profiteor,

136 362 348 417 sequutum
376 363 489 412 esse,
519 375 615 417 prae
645 363 842 406 me'fero.
902 363 946 406 Si
986 366 1111 420 igitur
1148 376 1268 421 roge·

117 435 216 482 'tis,
260 445 363 487 quae
392 432 508 474 causa
538 446 602 474 me
632 433 869 488 impulerit,
912 446 957 477 ut
1000 435 1269 489 respondendi

133 502 308 543 facerem
333 502 560 557 periculum
578 534 591 555 ,
621 503 724 545 nihil
751 514 833 554 est,
866 504 977 559 quod
1007 504 1266 549 dissimulem.

132 571 330 622 Scilicet,
376 586 469 615 cum
499 575 764 630 cogitarem,
809 572 1066 632 Theologiae
1099 574 1267 619 alumno

129 643 172 683 in
203 643 302 685 haec
331 645 451 685 etiam
477 643 628 695 studia,
660 657 762 700 quae
775 647 1023 700 principium
1038 657 1161 702 atque
1176 646 1269 689 fun-

130 712 360 755 damentum
385 713 541 755 nostrae
568 714 805 770 disciplinae
825 717 1038 758 continent
1054 748 1068 769 ,
1095 718 1180 759 esse
1206 719 1269 761 in·

129 781 401 823 cumbendum
419 813 432 833 ,
456 786 583 840 magis
609 785 649 826 in
677 788 727 828 iis
741 785 1013 841 proficiendi,
1042 798 1162 842 quam
1177 790 1266 840 vin·

129 851 246 891 cendi
276 852 343 906 spe
374 864 525 894 tentare
556 855 698 907 volui,
744 856 842 910 quid
869 857 1025 898 humeri
1057 858 1264 911 valerent,

127 921 368 974 quid-ferre
407 925 649 966 recusarent.
719 925 931 981 Quocirca
971 927 1084 970 hisce
1124 929 1265 982 primi·

126 992 192 1031 tiis
209 1021 222 1039 ‚
255 1005 346 1033 cum
360 1005 530 1046 propter
541 997 728 1050 exiguam
757 1008 798 1037 et
817 998 1089 1047 scribendiket
1116 997 1269 1040 horum·

124 1059 345 1103 studiorum
376 1065 708 1106 exercitationem
725 1094 739 1114 ‚
772 1078 855 1108 tum
882 1079 1053 1122 propter
1079 1068 1265 1122 propost-

125 1139 209 1170 tum
246 1134 428 1187 gnaviter
456 1135 497 1174 in
527 1135 627 1177 haec
669 1135 795 1190 studia
822 1137 1114 1190 incumbendi,
1157 1137 1264 1191 sym-

123 1199 266 1242 bolum
303 1215 499 1257 appono,
530 1203 770 1248 Tibulli
799 1212 967 1250 votum:

121 1362 150 1387 „
180 1332 441 1386 Phoebe,
486 1335 645 1379 fave!
683 1350 862 1381 novus
918 1325 1257 1396 ingre-ditur

237 1416 330 1447 tua
374 1407 589 1461 templa
632 1408 951 1451 sacerdo·S.”

179 1547 306 1591 Hisce
334 1550 640 1607 prolegomenis
655 1563 868 1608 antequam
883 1553 1005 1596 finem
1019 1556 1225 1610 imponam
1241 1585 1258 1609 ,

122 1618 172 1675 cle
201 1620 289 1672 ipso
319 1633 589 1675 argumento,
633 1624 829 1665 nonnulla
857 1625 1076 1679 praefanda
1104 1627 1254 1669 habeo.

178 1687 266 1730 Dei
294 1685 545 1732 existentiam
561 1694 826 1746 probaturum
842 1695 1021 1738 indicare
1036 1709 1100 1738 me
1117 1707 1248 1751 opor·

123 1771 206 1807 tet,
247 1760 404 1813 qualem
433 1773 612 1803 naturam
650 1763 732 1805 hoc
775 1764 984 1808 vocabulo
1016 1767 1252 1821 fignificem.

120 1826 249 1882 Quod
263 1840 306 1870 ut
321 1828 414 1880 fiat,
441 1830 603 1872 suadent
628 1836 762 1875 variae
792 1835 841 1876 de
867 1847 1007 1878 natura
1022 1837 1156 1878 divina
1169 1837 1256 1880 sen-

121 1898 297 1948 tentiae,
329 1911 479 1954 eaeque
500 1901 571 1943 fibi
599 1903 774 1946 invicem
802 1909 1039 1948 contrariae.
1057 1905 1138 1960 (1)
1168 1907 1255 1949 Alii

118 1968 226 2008 enim
267 1980 400 2011 mores
441 1971 666 2025 humanos,
711 1975 934 2019 universam
958 1988 1099 2019 eorum
1127 1979 1254 2019 ratio·

1126 2059 1219 2091 nem
1235 2078 1250 2099 ,

163 2135 228 2184 (1)
252 2139 357 2174 Cic.
376 2140 416 2174 de
437 2140 520 2177 Nat.
539 2141 637 2179 Deor.
664 2143 705 2181 L.
730 2145 758 2180 1.
783 2154 816 2182 c.
837 2147 855 2182 8
873 2149 957 2184 -28.
989 2148 1056 2182 Ubi
1083 2148 1252 2183 Velle-

123 2194 197 2228 ints
242 2195 369 2238 diversa
408 2196 655 2243 Philosophorum
686 2214 710 2236 a
745 2203 873 2238 Thalete
896 2205 969 2239 inde
989 2215 1082 2250 usque
1116 2206 1165 2242 ad
1183 2206 1248 2244 Ze*

118 2262 226 2288 nonem
246 2256 284 2289 de
304 2255 418 2289 divina
434 2264 580 2300 natura,
596 2261 723 2303 placita
747 2260 893 2304 recenfit.
