1519 2729
724 137 947 193 (80)

278 286 527 319 contemtum
567 275 696 316 abeat.
768 276 998 332 Cognoscit
1036 277 1142 317 enim
1181 275 1220 317 se
1270 277 1416 331 ipse‚'

277 349 582 401 comparatione
606 346 780 387 institutfi
811 349 913 387 inter
936 349 1056 387 animi
1091 345 1227 394 sensa,
1257 358 1387 389 exter-

277 429 363 458 nas⁴
385 418 564 459 actiones
605 429 823 469 earumque
866 419 1114 470 principium
1155 416 1388 467 «et-finem,

277 498 401 540 atque
428 485 563 541 legum
591 485 800 527 moralium
829 497 1057 540 praecepta.

335 555 472 596 Insunt
501 555 655 596 homini
683 555 805 594 studia
841 567 923 595 non
962 568 1113 597 tantum
1154 556 1289 606 bona,
1329 567 1388 597 at-

279 638 359 678 que
375 624 610 672 facultates,
641 624 789 677 quibus
806 625 904 665 haec
933 623 1054 664 studia
1067 637 1290 679 augentur,
1321 625 1390 666 sed

278 706 341 744 et,
364 695 492 735 eheu!
525 693 648 734 studia
661 707 806 746 prava,
839 705 1100 746 peccatorum
1115 687 1390 746 vitiorumque

278 763 564 804 amantisfimae
595 765 817 812 ἐπιθυμίαι,
848 776 945 817 quas
961 763 1146 817 frangere
1176 774 1216 802 et
1236 761 1391 803 ‘debili-

280 845 362 873 tare
406 832 473 873 lex
513 832 624 873 iubet
663 833 839 874 moralis.
899 832 1039 888 Pugna
1069 833 1192 886 igitur
1222 842 1314 872 cum
1341 833 1391 872 iis

278 904 556 944 inimicis-est
600 902 916 944 committenda:
961 915 1046 955 quo
1086 901 1392 943 difficilius-est

278 983 510 1021 certamen,
555 984 605 1012 eo
648 971 892 1024 praeclarior
946 972 1023 1011 erit
1063 971 1249 1012 victoria.
1329 969 1392 1012 Le

278 1043 365 1090 maa
403 1042 450 1081 de
491 1052 614 1082 vet-tu
640 1043 755 1082 vient
784 1041 831 1082 de
853 1040 1004 1093 force,
1036 1040 1083 1080 la
1107 1038 1229 1094 force
1255 1049 1316 1081 est
1347 1041 1394 1082 la

279 1109 377 1166 base
413 1111 462 1151 de
503 1120 614 1152 toute
652 1121 789 1152 verta.
849 1109 918 1152 La
945 1119 1070 1151 verta
1096 1109 1394 1164 n'appartient

280 1180 366 1236 quiz
383 1193 439 1221 un
463 1181 553 1221 Atre
572 1179 706 1234 foible
722 1174 814 1235 pa'r
834 1176 890 1233 sa
920 1189 1078 1221 nature
1094 1209 1107 1233 2
1139 1189 1180 1220 et
1189 1178 1284 1234 fort
1300 1187 1394 1234 par
1461 1210 1464 1211 ν

271 1248 330 1306 sa
357 1251 546 1301 volonte‘,
583 1250 682 1292 c'est
709 1264 760 1293 en
787 1249 878 1291 cela
899 1245 1022 1303 seul,
1055 1260 1132 1303 que
1156 1246 1323 1301 consiste
1355 1236 1403 1290 le'

276 1320 430 1361 merite
452 1320 502 1362 de
527 1318 732 1362 l'lzomme.
765 1318 844 1374 (1)
905 1319 950 1360 In
977 1319 1141 1360 homine
1171 1319 1394 1373 igiturrhot-

276 1390 418 1439 nesto,
460 1390 680 1431 voluntatis
722 1389 1001 1431 fortitudinem
1052 1400 1094 1428 et
1127 1387 1390 1429 constantiam

277 1459 508 1500 aestimare:
554 1461 755 1501 inhonesti
782 1471 915 1500 autem
952 1457 1222 1499 infirmitatem
1250 1470 1291 1498 et
1333 1457 1392 1499 lev

276 1531 441 1571 vitatem
465 1541 721 1571 contemnere
747 1529 950 1578 solemus,
983 1540 1079 1569 cum
1103 1538 1197 1568 eum
1227 1527 1291 1567 vel
1321 1539 1390 1568 ne-

278 1611 479 1652 quaquam
508 1599 573 1639 vel
614 1599 757 1640 leviter
791 1599 915 1640 modo
942 1609 1186 1652 pugnantem
1218 1598 1393 1638 ammad-

277 1669 485 1709 vertimus.
518 1695 520 1700 -
558 1667 708 1709 Prioris
748 1682 846 1709 vero
887 1679 1089 1709 certamen
1118 1663 1284 1721 dignum
1307 1667 1392 1708 esse

278 1737 556 1792 spectaculum
580 1737 676 1779 Deo
699 1738 919 1780 censemus.
979 1737 1040 1778 Ita
1062 1737 1169 1777 enim
1197 1737 1392 1788 confilio‚

278 1807 328 1849 ad
367 1807 479 1862 quod
518 1807 748 1849 obeundum
785 1819 899 1849 natus
939 1818 1020 1847 estv
1041 1818 1214 1860 eumque
1243 1808 1283 1847 in
1314 1807 1392 1863 hac

281 1888 385 1918 terra
443 1877 666 1919 collocavit
705 1889 849 1919 auctor
903 1878 1109 1924 summus,
1171 1876 1388 1933 satisfaciu,

280 1961 374 1988 cum
399 1948 585 1988 nimirum
614 1948 861 1989 voluntatem
891 1948 940 1988 ab
973 1946 1149 1999 imperio
1194 1946 1391 1998 cupidita-

282 2027 388 2066 tum,
428 2019 574 2058 rationi
616 2030 655 2058 et
693 2019 774 2073 legi
821 2017 967 2059 morali
1004 2017 1320 2065 contrariarum,
1353 2018 1393 2057 in

368 2137 370 2139 Ι
1293 2086 1390 2129 *dies

326 2160 389 2209 (1)
413 2163 448 2198 R
467 2174 487 2198 ο
502 2175 524 2198 u
540 2175 552 2198 s
570 2166 615 2200 se
630 2176 646 2199 a
660 2178 681 2200 u
697 2191 707 2207 ,
730 2167 851 2209 Emilc,
875 2166 988 2202 T0111.
1008 2169 1129 2212 p-x87.
1153 2165 1207 2200 ed.
1226 2165 1363 2200 fierent.
