1519 2729
611 135 834 194 (39)

218 275 393 319 Hebraei
435 277 542 318 enim
580 288 630 320 ex
664 275 851 319 institutis
875 273 1074 318 Mosaicis
1100 276 1277 331 agricul-

160 359 269 390 turae
301 360 466 401 operam
505 347 625 396 dare,
670 358 712 386 et
738 345 816 388 suis
845 357 971 388 terrae
996 344 1145 388 finibus
1175 358 1274 386 con·

161 419 259 459 tenti
287 417 337 458 ab
366 417 530 458 aliarum
571 418 754 473 gentium
793 419 1044 459 commercio
1080 414 1278 458 abstinere

159 487 360 529 debebant
390 484 487 540 (a).
548 485 700 529 Verum
735 489 943 530 enimvero
987 493 1139 529 tantum
1179 485 1281 527 abe-

158 569 244 612 rat,
275 569 320 599 ut
346 569 461 613 reges
488 557 560 600 suo
585 559 787 612 praeirent
815 556 1007 612 exemplo
1023 587 1036 607 ‚
1068 568 1113 599 ut
1132 558 1282 611 potine

157 628 215 670 nil
240 630 366 684 magis
395 628 529 673 moliri
558 629 817 679 viderentur,
848 641 968 683 quam
998 638 1042 671 ut
1075 638 1282 670 mercatu*

155 712 268 748 ram,
313 712 415 753 quae
457 699 567 755 larga
608 713 726 742 manu
757 700 916 746 divitias
953 701 1101 754 cuique
1136 697 1283 755 affere-0

110 825 113 827 Α
156 769 253 820 bat,
285 771 324 811 in
356 770 442 811 dies
468 783 674 826 augerent.
735 770 898 813 Etenim
922 782 972 811 ex
987 783 1072 823 quo
1089 778 1284 823 tempore

155 854 249 884 cum
305 841 581 889 Phoenicibus
638 843 886 887 commercia
931 840 1101 882 instituit
1159 838 1277 880 San⁴

154 923 223 952 mo
266 909 376 963 (b),
420 923 666 952 mercaturae
696 912 881 954 ‘studium
919 911 1027 966 apud
1063 908 1283 951 Hebraeosi

117 1016 120 1021 ,
154 980 346 1020 immense
378 981 562 1021 increvit.
623 981 761 1036 Atque
789 983 837 1022 iis
863 981 966 1023 adeo
989 981 1275 1034 temporibus,

153 1062 255 1104 quae
276 1049 458 1092 exsilium
488 1050 789 1104 Babylonicum
819 1052 926 1092 haud
953 1052 1021 1093 diu
1050 1049 1276 1092 antecesse-

152 1124 272 1171 runt,
318 1131 398 1161 tam
441 1120 575 1174 ampla
617 1120 696 1161 fuit
730 1120 1050 1175 'Hierosolymae
1077 1131 1276 1162 mercatu-

152 1203 223 1242 ra,
281 1202 326 1232 ut
381 1190 461 1231 suis
499 1193 758 1234 commerciis
795 1192 1011 1234 nobilitata
1049 1191 1187 1245 Tyrus
1234 1190 1280 1231 ei·

152 1260 351 1302 invideret
382 1259 472 1315 (c).
663 1309 667 1316 ‚

166 1352 170 1353 ν
210 1330 292 1372 Sed
330 1330 405 1373 hac
447 1332 569 1372 etiam
606 1333 647 1372 in
677 1330 792 1373 causa
817 1332 930 1388 leges
953 1333 1160 1374 Mosaicas
1185 1333 1274 1373 vio-

154 1401 285 1442 larunt
316 1413 460 1456 reges,
493 1401 606 1455 quod
633 1415 656 1442 e
678 1403 869 1456 gentibus
897 1402 1173 1444 Canaiiniticis
1200 1402 1274 1443 du-

151 1471 300 1512 cebant
339 1483 502 1512 uxores.
575 1471 740 1519 Etenim
785 1474 895 1528 regia
928 1484 1081 1526 pompa
1108 1485 1149 1514 et
1175 1472 1275 1514 luxu

151 1540 413 1582 vehementer
440 1541 661 1592 delectati,
693 1542 959 1583 finitimorum
993 1555 1132 1599 regum
1160 1543 1276 1584 aulae

151 1609 492 1664 magnificentiam
521 1613 704 1652 certatim
733 1613 880 1653 imitari
897 1613 1118 1656 studebant.
1150 1613 1283 1666 Apu&

152 1679 381 1721 Orientales
414 1692 549 1723 autem
584 1694 678 1723 cum
716 1695 780 1722 res
815 1685 1121 1737 pretiosissimae
1152 1684 1277 1725 habe-

151 1762 269 1794 antur
294 1751 495 1794 foeminae
511 1781 525 1804 ‚
556 1753 660 1794 inter
688 1753 825 1807 regios
847 1753 1052 1797 thesauros
1079 1757 1279 1810 infignem

433 1816 435 1818 ¹
1148 1837 1275 1879 quen-

152 1998 182 2034 L
198 1943 273 2035 ([1ιῇ
287 1945 420 1979 Herder
432 1971 443 1987 ‚
473 1948 565 1983 [dean
587 1958 649 1982 zur
668 1947 786 1992 Philos.
807 1950 866 1984 der
887 1948 997 1993 Gesila
1033 1951 1092 1985 der
1112 1949 1274 1989 Mensa-hh·

186 2024 194 2035 .
277 2026 286 2035 .
309 2011 384 2044 pag.
411 2012 486 2045 ¹05·

197 2055 259 2101 (b)
285 2068 298 2091 1
328 2058 418 2102 Reg.
443 2060 501 2094 IX:
525 2056 598 2096 26'-
614 2061 669 2095 28.
697 2072 716 2096 2
738 2062 864 2098 Chron.
889 2064 947 2097 IX:
975 2075 1045 2105 ρο,
1066 2074 1124 2099 21.

196 2112 254 2160 (c)
290 2116 421 2150 Ezech.
456 2117 577 2152 XXVI:
605 2129 638 2152 2.
661 2120 797 2153 XXVII:
831 2129 881 2164 17.
927 2121 1028 2156 Cous.
1051 2122 1107 2157 Cl.
1130 2118 1272 2163 Parem,

151 2171 266 2217 Antiq.
290 2173 395 2209 Hebr.
420 2174 459 2209 Ρ.
478 2174 537 2210 IV.
560 2175 603 2211 C.
621 2177 681 2210 lv.
703 2176 735 2218 §.
764 2185 829 2220 37,
852 2185 908 2221 39.
