1519 2729
561 183 788 248 (93)

97 333 268 379 bantur,
311 331 382 384 qui
420 340 552 369 tamen
587 328 707 369 aliam
748 328 840 369 dein
878 326 952 368 fibi
987 325 1235 379 quaerebant

96 403 216 442 viam.
275 399 321 441 In
362 401 473 441 hisce
512 399 590 440 fuit
629 399 802 440 maxime
832 398 869 439 C
887 398 912 438 h
929 409 961 437 r.
998 394 1035 435 T
1053 396 1078 435 h
1097 408 1123 435 o
1140 408 1176 435 m
1192 409 1232 435 a-

97 472 121 512 s
127 473 245 520 ius,
276 471 347 523 qui
376 471 550 522 primum
578 471 620 509 in
654 464 1235 523 InstitzttionibusJmispmc-

98 540 271 582 dentiae
286 539 459 580 divinae
487 538 517 579 P
534 538 928 580 ufendorfium
959 536 1117 577 secutus
1144 546 1235 585 est,

97 610 191 651 dein
229 609 347 650 aliam
383 609 534 662 reperit
561 607 877 663 philosophandi
917 607 1143 654 rationem,
1188 618 1235 647 ut

97 682 154 721 ita
195 681 288 720 vice
343 678 410 720 sua
461 678 718 720 fimdamenta
749 679 926 733 jaceret,
975 676 1123 730 quibus
1167 677 1237 718 alii

100 749 166 790 sua
213 748 538 802 superstruerent.
567 760 614 772 --
642 748 777 789 Antea
823 748 948 801 igitur
987 758 1028 787 et
1072 734 1236 788 abali-

98 820 164 868 is,
195 831 236 859 et
269 832 291 859 a
322 818 723 859 Pufendorfio
748 828 868 870 atque
897 815 1235 867 Thomasio.‚

96 887 175 941 Jus
190 899 352 928 naturae
368 888 531 940 quidem
555 888 798 928 tractabatur
811 916 824 935 ,
854 898 994 927 verum
1013 886 1234 941 peculiaris

99 958 309 1012 cujusdam
333 957 576 1010 disciplinae
600 956 838 1009 dignitatem
866 955 1046 996 nondum
1074 967 1238 997 nactum

99 1028 243 1070 fuerat.
332 1027 583 1080 Principium
617 1025 774 1067 scilicet
810 1025 963 1066 morale
1008 1026 1239 1068 cumidem

99 1111 142 1139 et
169 1097 491 1152 obligationibus
518 1097 621 1137 esset
651 1107 691 1136 et
722 1095 894 1143 officiis,
939 1095 1166 1136 necessario
1197 1096 1239 1136 in

101 1170 152 1209 iis
179 1169 460 1220 systematibus
478 1197 492 1216 ,
524 1178 565 1207 et
589 1179 635 1207 ea
663 1178 765 1219 quae
805 1165 913 1220 Juris
948 1165 1066 1215 sunt,
1097 1177 1139 1206 et
1168 1178 1240 1205 ve-

101 1252 150 1279 ro
174 1250 276 1292 quae
302 1237 475 1279 Ethices
521 1236 705 1278 habenda
728 1235 912 1286 fuerant,
943 1237 1144 1289 permixta
1170 1235 1240 1276 de-

101 1309 403 1362 prehendimus.
457 1324 505 1334 -
549 1305 800 1347 Thomas
808 1307 895 1346 ius
943 1318 1043 1347 vero
1086 1307 1127 1346 in
1160 1305 1241 1347 suis

101 1378 139 1432 J.
167 1377 223 1420 N.
250 1390 290 1418 et
319 1378 374 1420 G.
412 1377 682 1419 fundamentis
712 1374 789 1416 alia
813 1375 1001 1425 secutus,
1043 1374 1240 1428 amplisfi-

103 1461 173 1489 mo
223 1449 360 1501 operis
401 1447 459 1489 sui
488 1446 610 1488 titulo
645 1444 725 1500 (1)
759 1445 981 1494 satisfecit,
1013 1457 1064 1485 eo
1107 1453 1241 1488 tamen

104 1529 186 1559 non
212 1518 423 1571 pervenit,
455 1528 498 1559 ut
525 1517 646 1572 plane
675 1516 919 1571 perficeret,
964 1515 1078 1571 quod
1112 1514 1244 1557 fuerat

1172 1599 1243 1641 ag-

110 1711 457 1747 Pufehdorfiu
474 1724 513 1747 s:
554 1715 670 1758 plura,
702 1723 786 1756 quae
820 1713 888 1748 huc
913 1714 1127 1756 referuntur,
1161 1725 1245 1758 ope-

109 1778 143 1801 ra
158 1793 169 1808 ‚
193 1769 310 1802 laudat.

154 1823 220 1868 (1)
244 1825 374 1858 Titulus
402 1835 475 1859 est:
500 1827 528 1859 C
544 1826 564 1858 h
581 1836 607 1862 r.
638 1827 668 1860 T
681 1826 702 1859 h
718 1836 740 1860 o
753 1837 785 1860 m
799 1837 816 1860 a
831 1828 891 1862 sii
911 1826 1130 1870 fimdamenm
1147 1828 1183 1864 J.
1196 1826 1244 1872 N.

109 1894 142 1917 et
169 1885 210 1917 G.
246 1894 290 1917 ex
318 1882 409 1925 sensu
432 1886 586 1917 communi
605 1884 742 1918 deducta
756 1909 767 1924 ‚
798 1887 832 1918 in
870 1886 982 1928 quibus
1011 1886 1126 1928 ubique
1142 1884 1245 1927 secer-

109 1947 233 1974 mmtur
260 1942 421 1984 prlnclpia
453 1938 592 1979 honesti,
636 1941 720 1983 justi
753 1949 787 1975 et
822 1941 945 1982 decori,
990 1953 1059 1976 cnm
1089 1942 1246 1984 adjuncta
1309 1936 1313 1941 “

109 1997 324 2030 emendatione
345 1996 391 2029 ad
410 1999 474 2029 ista
487 1994 729 2037 simulamenta,
750 1996 980 2039 institutionum
1000 1997 1141 2042 Jmiispr.
1165 2001 1245 2036 Diu.

112 2054 213 2087 llatae
260 2054 356 2097 1718.
394 2062 427 2086 et
457 2061 550 2085 antea
589 2063 685 2097 1705.
720 2055 816 2096 1703.
844 2055 891 2096 4⁰.
920 2054 1005 2097 apud
1034 2056 1074 2088 M
1092 2057 1191 2089 cist
1209 2068 1245 2090 e-

114 2120 233 2149 rum,
270 2112 294 2144 I.
318 2119 352 2152 p.
377 2112 454 2153 398.
480 2110 586 2151 Ipsum
611 2110 766 2153 equidem
796 2110 914 2144 librum
944 2121 1132 2155 comparare
1165 2112 1245 2146 mihi

113 2177 176 2200 non
197 2168 312 2210 potui,
337 2167 554 2208 caeteroquin
579 2168 855 2212 comparationem
880 2176 1136 2211 praeceptorem
1157 2169 1244 2203 inter

115 2233 149 2259 et
173 2223 368 2267 discipulum
394 2223 605 2266 instituendi,
627 2223 830 2268 propofitum
856 2223 987 2258 fuissem
1008 2225 1200 2261 exsecutus.
