1519 2729
737 139 959 195 (54)

287 275 435 319 Potens
476 276 646 333 factor,
705 275 937 328 Culmum,
1007 277 1193 330 Spiritus
1240 285 1405 326 rector,

286 347 450 388 Anima
474 348 681 394 coelestis,
714 346 979 400 Principium
1001 349 1167 387 coeleste
1190 347 1377 387 *activum
1392 376 1405 395 ,

286 415 492 458 Facultus
526 417 791 465 formatrix,
848 416 976 458 Calor
1024 416 1230 474 coelestis,
1276 426 1316 454 et
1355 417 1406 457 fic

287 498 413 538 porro
454 485 735 539 inscripserunt
770 484 1054 537 stamius,
1098 475 1407 525 Hcl'monti-

269 567 371 603 us,
404 555 551 607 aliique
584 552 677 608 (Ι).

340 623 457 664 Hanc
499 624 664 676 originis
703 622 1017 674 explicationem
1044 635 1125 662 non
1165 621 1276 670 esse,
1320 624 1407 663 uni-

285 694 431 745 cuique
458 692 577 732 facile
606 692 786 744 patebit,
830 694 1025 746 cogitanti
1056 691 1293 744 hypothesm
1321 705 1407 733 om—

284 764 325 800 ni
356 773 488 801 carere
514 760 799 810 fundamento,
844 775 973 815 neque
1003 774 1077 803 nos
1106 773 1188 801 tota
1231 761 1408 814 explica-

286 832 395 871 tione
434 831 586 882 aliquid
623 831 872 883 procederet,
915 835 997 871 non
1036 832 1140 871 enim
1168 842 1227 870 cst
1253 830 1405 883 aliquid
1451 880 1454 882 ι

285 899 516 952 explicare,
548 900 575 940 fi
605 900 645 940 in
674 901 987 954 explicationem
1029 899 1253 941 inducimus
1294 901 1406 940 inex-

285 968 508 1024 plicabilia.
543 999 549 1004 ‚

344 1038 471 1079 Porro
497 1051 660 1092 quoque
689 1038 769 1080 hoc
794 1040 1036 1092 principium
1067 1039 1107 1078 in
1151 1037 1302 1078 morbis
1338 1050 1404 1078 ac-

286 1110 411 1149 tivum
441 1107 523 1148 esse
549 1109 789 1158 statuerunt,
822 1121 903 1162 quo
931 1108 1116 1149 salutares
1156 1107 1274 1148 criscs
1313 1106 1404 1147 alia·

286 1190 365 1230 que
382 1206 394 1225 ‚
425 1189 507 1217 uno
536 1179 661 1218 verbo
685 1180 787 1218 vires
816 1189 974 1218 naturae
1003 1178 1277 1217 medicatrices
1306 1189 1405 1218 con-

288 1246 562 1295 stituerentur,
607 1247 780 1300 ideoque
807 1248 948 1288 eodem
976 1248 1179 1300 principio
1203 1259 1356 1287 vermes
1382 1258 1405 1286 a

285 1328 424 1357 natura
451 1317 490 1356 in
518 1329 666 1370 corpus
696 1317 974 1359 inducerentur
998 1328 1115 1370 atque
1155 1315 1403 1369 expelleren-

285 1396 347 1427 tur
375 1386 468 1440 (2).
736 1420 739 1422 v
1213 1387 1237 1438 §
1268 1383 1401 1425 XLII.

330 1497 393 1542 (Ι)
433 1499 523 1532 Hanc
565 1498 753 1531 sententiam
769 1522 779 1538 ‚
811 1508 828 1531 a
858 1498 881 1531 P
896 1498 906 1529 1
921 1507 937 1530 a
954 1505 966 1529 t
981 1507 1001 1529 0
1015 1506 1034 1528 n
1052 1506 1068 1529 e
1101 1495 1162 1538 jam
1186 1496 1402 1538 propositam,

286 1556 455 1596 eleganter
481 1554 691 1598 sequentibus
726 1553 889 1597 expressit
927 1555 976 1588 Vi
992 1564 1007 1586 r
1021 1564 1041 1596 g
1056 1554 1065 1586 i
1081 1554 1089 1584 1
1105 1553 1150 1585 iu
1167 1563 1181 1584 s
1196 1577 1205 1592 ,
1238 1554 1317 1588 Aen.
1343 1553 1401 1587 lib.

282 1612 316 1646 6.
341 1610 434 1644 versu
454 1611 519 1654 724'
545 1609 635 1653 seqq.
932 1614 933 1617 ’

327 1669 482 1710 Principio
508 1667 621 1699 coelum
647 1677 686 1699 ac
706 1673 812 1699 teri-as
826 1691 837 1706 ‚
859 1674 1034 1710 camposque
1055 1667 1202 1709 liquentes
1215 1689 1226 1705 ‚

324 1724 552 1766 Lucaniamque
568 1723 691 1766 globum
714 1722 825 1754 Lunae
839 1745 849 1761 ,
871 1722 1057 1764 Titaniaque
1074 1729 1166 1755 astra

326 1781 461 1823 Spiritus
486 1783 571 1813 intus
585 1780 668 1818 alit,
691 1786 850 1820 totamque
877 1775 983 1820 infusa
991 1787 1053 1822 per
1074 1786 1168 1811 artus
1181 1801 1192 1817 ‚

323 1835 414 1868 Mens
440 1839 549 1877 agitat
572 1837 677 1868 molem
699 1842 730 1868 et
762 1845 873 1877 magno
889 1833 924 1876 se
943 1843 1064 1879 empore
1086 1839 1203 1868 miscet.

325 1892 399 1926 Inde
425 1891 579 1924 homiuum
588 1893 799 1935 pecudumque
821 1901 917 1933 genus
932 1915 941 1930 ‚
965 1894 1113 1934 vitaeque
1140 1892 1301 1924 volantum
1316 1913 1327 1931 ‚

325 1947 371 1980 Et
387 1959 467 1990 quae
491 1959 659 1982 marmoreo
679 1946 752 1991 fert
773 1944 905 1988 monstra
926 1945 987 1988 sub
1010 1958 1141 1989 aequore
1155 1954 1280 1990 pontus.

280 2004 333 2036 De
376 2003 501 2037 influxu
540 2005 628 2037 coeli
669 2013 706 2036 ac
749 2004 908 2036 stellarum
951 2002 988 2034 ad
1016 2011 1144 2034 vermes
1167 2000 1397 2044 producendos

278 2058 429 2092 videatur
473 2059 770 2103 Theophrasti
813 2059 1034 2093 Paracelsi
1064 2060 1197 2102 Operum
1227 2060 1395 2098 Omnium,

277 2114 353 2148 Vol.
384 2116 408 2149 Ι.
439 2125 509 2156 pag.
540 2127 603 2158 240
629 2125 662 2148 et
690 2116 767 2159 607.
797 2116 845 2150 ed.
881 2126 917 2152 as.
944 2116 1037 2156 1658.

321 2167 384 2215 (2)
408 2172 647 2217 Comparentur
671 2181 707 2204 ea
722 2196 733 2212 ‚
757 2182 839 2215 quae
863 2172 960 2205 habet
986 2172 1048 2204 Ga
1065 2180 1085 2203 u
1101 2170 1182 2203 biu
1199 2180 1232 2210 s,
1256 2170 1394 2212 Itssitut.

1295 2224 1392 2260 Path.
