1519 2729
106 339 160 370 ex
185 336 236 368 eo
263 335 369 368 ortas
397 324 642 367 obscuritate
656 323 869 373 laborare,
903 316 1119 375 (1)atque
1135 317 1238 361 adeo

108 409 191 438 non
207 397 277 438 nifi
295 395 552 449 imperfectas
566 393 670 444 esse,
695 404 879 448 magnam
903 390 992 431 sane
1005 386 1245 442 praestitisse

115 466 332 508 utilitatem
360 466 611 515 censebitur,
643 463 740 518 qui,
785 462 864 503 five
890 461 1046 501 ratione
1085 457 1250 498 theore-

111 537 221 586 tica,
264 536 329 578 seu
371 536 577 591 practica,
624 533 838 578 clariorem
879 541 999 583 atque
1026 527 1249 582 perfectio-

111 614 197 648 rem
227 606 446 647 reddiderit
481 605 762 661 cognitionem
790 601 875 644 Dei
901 600 1116 654 sapientiS,
1163 598 1248 639 san-

113 679 202 726 cti,
233 677 414 732 benigni.

171 746 365 800 Denique
383 777 396 797 ,
428 748 498 800 qui
528 746 757 800 accuratius
783 743 998 797 investigat
1013 740 1249 783 fundamen-

116 827 184 865 ta,
231 817 378 871 quibus
416 817 559 857 nititur
600 816 756 871 agnitio
796 813 894 862 illa,
939 811 1024 866 ipse
1052 821 1181 852 tutum
1209 808 1249 850 se

113 886 312 940 praestat,
356 887 408 930 ,ab
451 885 520 927 illa
559 885 851 927 nonnullorum
890 882 956 925 vel
990 881 1154 922 levitate
1182 879 1251 921 vel

114 957 350 1009 impietate,
394 969 471 1008 qua
501 955 677 996 divinam
706 966 884 995 naturam
903 983 916 1003 .‚
961 951 1027 994 vel
1066 950 1252 992 inferiori

114 1023 213 1066 loco
241 1028 429 1077 ponunt,
461 1023 526 1064 vel
556 1025 693 1078 reapse
720 1024 839 1077 plane
870 1022 1034 1062 tollunt.

172 1093 280 1135 Cum
312 1095 436 1149 igitur
462 1094 560 1134 haec
590 1094 636 1136 fit
661 1095 806 1135 mentis
836 1093 1031 1134 humanae
1044 1093 1175 1141 ratio,
1205 1101 1252 1132 ut

120 1163 263 1217 sponte
288 1163 354 1204 sua
381 1163 431 1204 ad
459 1164 744 1216 inquirendum
772 1163 949 1211 feratur,
995 1172 1035 1202 et
1067 1161 1117 1220 ad
1141 1163 1254 1202 inve-

117 1233 342 1288 stigandum
385 1234 470 1275 fere
514 1236 719 1290 rapiatur,
765 1245 806 1274 et
847 1244 909 1273 tot
934 1234 1008 1275 fint
1038 1242 1253 1285 tantaeque

115 1303 341 1354 utilitates,
372 1305 521 1358 quibus
553 1304 604 1346 ad
632 1304 831 1359 agendum
857 1305 1086 1352 excitetur,
1131 1300 1256 1343 facile

116 1375 254 1427 quivis
276 1375 505 1428 percipiet,
550 1374 657 1416 unde
698 1387 785 1416 orta
819 1374 866 1415 fit
894 1383 1254 1428 argumentorum,

116 1456 193 1498 pro
221 1443 304 1485 Dei
335 1433 573 1495 existentia,
606 1447 728 1501 copia
744 1444 846 1495 illa,
892 1457 969 1497 pro
996 1444 1105 1483 varia
1131 1442 1254 1482 ratio-

117 1525 196 1562 ne,
227 1527 307 1567 qua
330 1527 442 1555 mens
469 1513 642 1555 humana
671 1514 721 1555 ad
747 1513 832 1556 Dei
852 1514 1057 1568 ¹notitiam
1075 1511 1257 1553 adscen-

119 1581 212 1624 dere
242 1583 314 1624 fibi
340 1584 578 1633 videbatur,
610 1584 774 1625 diversa.

144 1683 147 1690 „
177 1651 244 1692 Ex
274 1653 336 1693 his
361 1667 489 1705 vero,
518 1666 821 1710 argumentum,
854 1654 967 1708 quod
995 1666 1018 1694 e
1045 1652 1178 1707 causis
1200 1653 1255 1709 fi-

120 1721 289 1763 natibus
338 1723 525 1774 ducitur,
565 1739 587 1766 a
625 1726 833 1766 nonnullis
866 1725 944 1766 fuit
971 1724 1253 1778 repudiatum,

123 1791 174 1833 ab
203 1792 290 1833 aliis
318 1795 358 1833 in
381 1794 548 1836 dubium
577 1807 791 1845 vocatum,
822 1793 902 1849 (2)
932 1807 955 1835 a
981 1793 1166 1847 plurimis
1185 1806 1255 1834 ve-

122 1873 170 1903 ro
195 1863 550 1916 commendatum,
595 1876 798 1920 tamquam
842 1864 1042 1906 evidentia
1074 1865 1254 1919 insigne,

1212 1945 1256 1974 vt

168 2068 232 2115 (1)
257 2072 310 2162 {d
319 2072 360 2106 A.
393 2073 420 2106 B
437 2083 458 2106 ο
473 2083 489 2106 r
503 2083 524 2117 g
540 2083 558 2108 e
573 2083 606 2112 r,
649 2073 837 2119 Disputatio
859 2074 897 2108 de
919 2073 1103 2118 lihsticismo
1117 2097 1128 2114 ‚
1166 2072 1256 2108 Proh

123 2139 157 2173 p.
183 2138 235 2172 ¹9·
314 2154 323 2163 .
350 2130 381 2162 in
406 2131 436 2164 8.

167 2182 332 2230 (2)-Vid.
359 2186 455 2220 huius
479 2186 792 2231 commentationis.
817 2189 855 2225 P.
881 2189 926 2224 11.
