1519 2729
633 135 859 193 (57)

175 289 271 317 vero
302 274 414 329 quod
435 276 472 316 ei
498 288 725 332 repugnem
758 276 866 317 illius
888 286 994 315 vero
1018 283 1079 313 est
1109 273 1306 327 principi-

175 360 272 390 um:
304 347 368 387 fac
399 359 445 387 ea
468 360 569 405 quae
598 358 760 388 naturae
790 347 983 388 humanae
1015 343 1277 385 consentiant.

234 416 442 458 Summum
473 403 542 457 ⁴rei
582 429 831 458 momentum
877 414 1082 469 postulare
1120 413 1306 461 videtur,

174 500 221 532 ut
251 487 321 528 has
348 487 502 541 species
527 487 651 541 paulo
677 487 799 529 fufius
826 486 1119 539 inspiciamus,
1151 493 1192 522 et
1219 483 1307 535 qui-

172 557 261 598 dem
416 607 419 611 Δ
541 593 543 595 ,

275 626 307 673 Ι.
340 626 517 671 Ratione
547 627 689 669 fontis.

253 696 307 736 II.
339 697 516 748 Ratione
549 699 718 754 objecti.

229 764 304 807 III.
335 766 513 809 Ratione
545 766 728 809 effectus.

623 918 632 919 ’
689 906 714 959 §
746 902 777 946 Ι.

554 1042 745 1085 Ratione
761 1042 912 1100 fontis.

177 1186 188 1193 ⁶
226 1179 301 1223 Uti
329 1183 371 1223 in
395 1181 636 1224 animalibus
661 1195 701 1224 et
730 1185 770 1224 in
800 1185 935 1238 pueris
966 1183 1143 1224 cernitur
1171 1183 1309 1223 conci-

167 1241 285 1292 liatio
315 1252 507 1306 quaedam
525 1283 538 1302 ,
571 1264 611 1293 et
640 1254 708 1301 sui>
727 1244 1155 1302 fimilis'defiderium,
1188 1253 1242 1292 ita
1269 1253 1311 1291 in

166 1321 334 1363 homine
374 1322 583 1376 perfectae
629 1324 774 1364 aetatis
805 1324 1011 1365 societatis
1050 1323 1211 1375 quidam
1242 1335 1313 1366 ex<

168 1391 322 1432 cellens
366 1404 427 1432 est
469 1395 706 1446 appetitus,
752 1394 869 1447 cujus
910 1393 1118 1446 peculiare
1171 1392 1310 1432 instru-

167 1473 348 1502 mentum
373 1461 481 1502 solus
518 1464 623 1503 inter
650 1465 873 1504 animantes
903 1463 1027 1503 habet
1054 1462 1277 1503 sermonem
1294 1493 1306 1511 ,

166 1526 286 1572 etiam
317 1532 550 1575 facultatem
595 1534 746 1576 sciendi
789 1525 1046 1588 agendique,
1093 1532 1310 1574 secundum

169 1602 407 1644 universalia
432 1616 680 1658 praecepta;
713 1617 785 1660 par
823 1605 879 1644 ita
909 1615 969 1644 est
1006 1603 1209 1658 intelligi,
1241 1602 1308 1643 cui

173 1683 274 1723 quae
319 1676 595 1724 conveniunt,
648 1688 695 1716 ea
731 1675 812 1728 jam
870 1673 958 1714 sunt
1000 1685 1082 1713 non
1125 1675 1307 1713 omnium

169 1740 334 1793 quidem
362 1746 623 1787 animantium
640 1775 653 1795 ‚
687 1743 754 1786 sed
792 1743 988 1785 humanae
1017 1754 1180 1784 naturae
1209 1753 1313 1783 con--

169 1813 354 1863 gruentia
384 1811 479 1867 (1).
1310 1824 1314 1828 ’

226 1878 336 1922 Huic
393 1886 591 1938 appetitui
643 1898 726 1926 non
784 1884 1013 1926 satisfacere
1055 1883 1182 1924 homo
1226 1895 1309 1924 non

169 1961 341 2004 potest;
399 1953 633 1998 societatem
663 1957 769 2011 petit
813 1956 1040 2006 continuo,
1084 1966 1166 1995 non
1213 1965 1310 2006 qua-

1210 2021 1309 2062 lem-

216 2167 239 2212 (
243 2167 281 2213 1)
303 2170 389 2205 Prot.
413 2181 447 2215 7.
