1519 2729
516 153 768 210 (¹87)

76 306 156 350 que
199 293 411 336 sententias
455 291 522 334 hic
561 294 701 347 paucis
741 291 985 341 referamus,
1029 302 1073 333 ut
1115 293 1208 334 inde

74 375 237 421 pateat,
262 360 480 416 *quomodo
511 373 551 402 et
579 362 640 403 illi
665 362 731 418 jus
758 362 1011 403 distinxerint
1037 346 1092 402 213
1103 363 1208 404 ethi-.

73 447 152 485 ca,
198 432 262 475 vel
302 430 415 486 quod
443 442 484 470 et
518 431 599 474 illis
625 433 731 474 idem
772 432 857 474 fere
896 432 1036 485 audit,
1075 432 1207 474 officia

74 503 258 559 perfecta
285 502 334 544 ab
359 500 625 555 imperfectis.

594 615 683 672 §1-

381 748 889 778 HOFFBAUER.

121 841 160 906 J.
191 849 245 893 C.
283 849 614 892 Hoffbauer
644 851 779 903 suam,
807 852 858 893 de
884 851 984 906 J'uris
1014 850 1199 892 doctrina

66 921 118 962 ab
131 920 265 962 ethica
279 920 514 974 separanda,
538 920 764 963 doctrinam
782 921 1092 976 proposuithoc
1115 920 1201 961 fere

64 982 235 1032 modos
271 990 312 1030 Si
342 989 506 1043 quidem
534 989 599 1044 jus
613 1001 799 1043 tanquam
816 991 1091 1045 praedicatum
1107 990 1200 1031 sub-

63 1061 180 1117 jecto
196 1060 354 1102 cuidam
384 1060 610 1101 tribuamus
626 1089 640 1109 ,
671 1059 826 1114 semper
850 1052 1076 1114 subJ’ectiim
1098 1058 1201 1101 illud

66 1131 296 1185 cogitamus
312 1131 471 1171 ratione
486 1129 658 1171 aliorum
675 1131 827 1172 entium
846 1130 1057 1173 moralium
1068 1161 1082 1179 ‚
1096 1142 1200 1184 quae

65 1199 163 1242 huic
197 1198 383 1255 subjecto
425 1199 700 1255 obligationes
741 1188 990 1253 praestandas
1018 1200 1199 1249 habent3

61 1269 153 1325 jura
174 1272 282 1311 enim
309 1270 488 1318 homin-is
502 1269 563 1316 nil
589 1270 676 1311 sunt
692 1271 848 1310 ratione
867 1269 924 1310 sui
940 1269 1090 1323 ipfius',
1119 1283 1196 1312 nee

68 1338 152 1382 ulla
167 1339 310 1381 dantur
322 1341 480 1381 homini
497 1340 522 1381 fi
539 1352 613 1394 per
634 1340 671 1381 se
701 1340 911 1390 subfistat;
945 1339 1199 1396 intelligendi

66 1409 156 1452 sunt
180 1410 335 1464 semper
357 1409 425 1451 alii
441 1412 511 1463 qui
527 1411 681 1450 ratione
697 1409 806 1450 illius
821 1409 991 1463 subjecti
1005 1409 1198 1464 aliquate-

63 1488 138 1519 nus
160 1477 248 1520 sunt
264 1478 452 1534 obligati.
484 1477 583 1521 Non
600 1491 732 1520 tamen
749 1492 799 1520 ex
826 1480 1199 1533 quacunque-obli-

62 1548 258 1602 gatione,
301 1561 405 1602 quae
439 1549 555 1591 alteri
581 1549 702 1599 adest>
728 1548 914 1590 adversus
958 1563 1052 1601 me,
1099 1552 1199 1593 mihi

2 1634 6 1637 ·
63 1617 242 1657 nascitur
258 1618 322 1672 jus
338 1648 353 1668 ‚
383 1621 496 1673 quod
511 1619 583 1673 ipfl
601 1630 737 1673 patere
753 1618 912 1659 videtur
933 1631 984 1659 ex
1008 1620 1200 1660 omnibus

63 1696 167 1739 quae
192 1687 310 1740 jubet
334 1690 528 1742 aequitas.
589 1687 698 1729 Hinc
713 1688 877 1741 quidem
893 1699 953 1728 est
967 1688 1168 1742 obligatio
1183 1719 1197 1740 ‚

61 1766 145 1796 non
163 1766 294 1797 tamen
311 1756 424 1800 illinc
438 1759 503 1813 jus
515 1789 528 1809 ,
561 1757 664 1799 illud
677 1752 892 1811 expetendi
909 1757 1021 1811 quod
1033 1758 1198 1813 jubetur

62 1824 114 1866 ab
143 1827 357 1879 aequitate.
450 1825 546 1867 Inde
583 1826 623 1869 H
641 1826 990 1868 offbauerus
1027 1829 1199 1871 conclu-

61 1894 148 1944 dit,
179 1895 276 1936 alias
303 1895 528 1937 necessario
554 1896 688 1939 adesse
715 1897 863 1940 debere
894 1896 1196 1952 obligationes,

60 1977 228 2020 quarum
257 1965 420 2020 quidem
444 1977 489 2005 ea
519 1978 581 2008 est
607 1979 770 2016 natura,
799 1977 845 2009 ut
874 1969 914 2007 vi
944 1971 1081 2022 expeti
1097 1982 1198 2024 ques·

59 2045 141 2074 ant.
216 2032 350 2075 Vocat
396 2033 505 2075 illam
545 2035 842 2091 obligationem
885 2034 1196 2094 (Zwangwer-

59 2101 380 2155 bindliclzkeit).
440 2101 619 2146 Eatenus
661 2107 785 2161 igitur
819 2106 919 2148 mihi
950 2110 1078 2151 oritur
1097 2110 1194 2166 jus,

58 2185 255 2229 quatenus
289 2173 390 2215 alter
417 2174 492 2217 hac
520 2175 771 2232 obligatione
801 2188 969 2221 tenetur.

1135 2251 1192 2293 Ut
