<?xml version="1.0" encoding="UTF-8"?>
<!DOCTYPE html PUBLIC "-//W3C//DTD XHTML 1.0 Transitional//EN"
    "http://www.w3.org/TR/xhtml1/DTD/xhtml1-transitional.dtd">
<html xmlns="http://www.w3.org/1999/xhtml" xml:lang="en" lang="en">
 <head>
  <title>
</title>
<meta http-equiv="Content-Type" content="text/html;charset=utf-8" />
  <meta name='ocr-system' content='tesseract 3.04.00' />
  <meta name='ocr-capabilities' content='ocr_page ocr_carea ocr_par ocr_line ocrx_word'/>
</head>
<body>
  <div class='ocr_page' id='page_1' title='image "annalesacademiae22acad_0405.png"; bbox 0 0 1519 2729; ppageno 0'>
   <div class='ocr_carea' id='block_1_1' title="bbox 538 190 821 251">
    <p class='ocr_par' dir='ltr' id='par_1_1' title="bbox 538 190 821 251">
     <span class='ocr_line' id='line_1_1' title="bbox 538 190 821 251; baseline -0.004 0"><span class='ocrx_word' id='word_1_1' title='bbox 538 190 821 251; x_wconf 41' lang='grc' dir='ltr'><strong>Ν(53).</strong></span> 
     </span>
    </p>
   </div>
   <div class='ocr_carea' id='block_1_2' title="bbox 126 324 1318 1437">
    <p class='ocr_par' dir='ltr' id='par_1_2' title="bbox 126 324 1259 1073">
     <span class='ocr_line' id='line_1_2' title="bbox 185 324 1253 388; baseline -0.007 -13"><span class='ocrx_word' id='word_1_2' title='bbox 185 332 379 387; x_wconf 89' lang='lat' dir='ltr'><strong>Denique</strong></span> <span class='ocrx_word' id='word_1_3' title='bbox 409 335 449 375; x_wconf 90' lang='lat' dir='ltr'><strong>in</strong></span> <span class='ocrx_word' id='word_1_4' title='bbox 476 344 668 388; x_wconf 77' lang='lat' dir='ltr'>generum</span> <span class='ocrx_word' id='word_1_5' title='bbox 699 330 981 374; x_wconf 78' lang='lat' dir='ltr'><strong>distributione</strong></span> <span class='ocrx_word' id='word_1_6' title='bbox 1007 329 1047 369; x_wconf 90' lang='lat' dir='ltr'><strong>in</strong></span> <span class='ocrx_word' id='word_1_7' title='bbox 1084 324 1253 368; x_wconf 77' lang='lat' dir='ltr'>familias</span> 
     </span>
     <span class='ocr_line' id='line_1_3' title="bbox 131 398 1255 447; baseline -0.008 -1"><span class='ocrx_word' id='word_1_8' title='bbox 131 404 379 447; x_wconf 86' lang='lat' dir='ltr'><strong>characteres</strong></span> <span class='ocrx_word' id='word_1_9' title='bbox 417 405 535 444; x_wconf 86' lang='lat' dir='ltr'><strong>nimis</strong></span> <span class='ocrx_word' id='word_1_10' title='bbox 565 404 613 444; x_wconf 85' lang='lat' dir='ltr'><strong>de</strong></span> <span class='ocrx_word' id='word_1_11' title='bbox 642 415 809 444; x_wconf 90' lang='lat' dir='ltr'><strong>numero</strong></span> <span class='ocrx_word' id='word_1_12' title='bbox 839 401 925 441; x_wconf 79' lang='lat' dir='ltr'><strong>sunt</strong></span> <span class='ocrx_word' id='word_1_13' title='bbox 960 398 1157 447; x_wconf 71' lang='lat' dir='ltr'><strong>desumi,</strong></span> <span class='ocrx_word' id='word_1_14' title='bbox 1200 398 1255 437; x_wconf 86' lang='lat' dir='ltr'><strong>ita</strong></span> 
     </span>
     <span class='ocr_line' id='line_1_4' title="bbox 126 467 1254 528; baseline -0.008 -13"><span class='ocrx_word' id='word_1_15' title='bbox 126 487 174 516; x_wconf 51' lang='lat' dir='ltr'><strong>¹ut</strong></span> <span class='ocrx_word' id='word_1_16' title='bbox 198 473 391 514; x_wconf 82' lang='lat' dir='ltr'><strong>nonnulla</strong></span> <span class='ocrx_word' id='word_1_17' title='bbox 420 486 592 528; x_wconf 82' lang='lat' dir='ltr'><strong>genera,</strong></span> <span class='ocrx_word' id='word_1_18' title='bbox 624 474 761 514; x_wconf 67' lang='lat' dir='ltr'><strong>natura</strong></span> <span class='ocrx_word' id='word_1_19' title='bbox 786 471 900 512; x_wconf 85' lang='lat' dir='ltr'><strong>valde</strong></span> <span class='ocrx_word' id='word_1_20' title='bbox 940 468 1107 516; x_wconf 85' lang='lat' dir='ltr'><strong>fimilia,</strong></span> <span class='ocrx_word' id='word_1_21' title='bbox 1152 467 1254 507; x_wconf 90' lang='lat' dir='ltr'><strong>invi-</strong></span> 
     </span>
     <span class='ocr_line' id='line_1_5' title="bbox 130 537 1256 596; baseline -0.008 -10"><span class='ocrx_word' id='word_1_22' title='bbox 130 556 218 586; x_wconf 90' lang='lat' dir='ltr'><strong>cem</strong></span> <span class='ocrx_word' id='word_1_23' title='bbox 248 556 401 584; x_wconf 83' lang='lat' dir='ltr'><strong>remota</strong></span> <span class='ocrx_word' id='word_1_24' title='bbox 428 544 523 594; x_wconf 78' lang='lat' dir='ltr'><strong>fintz,</strong></span> <span class='ocrx_word' id='word_1_25' title='bbox 561 544 662 592; x_wconf 82' lang='lat' dir='ltr'><strong>alia,</strong></span> <span class='ocrx_word' id='word_1_26' title='bbox 694 542 794 596; x_wconf 80' lang='lat' dir='ltr'><strong>quae</strong></span> <span class='ocrx_word' id='word_1_27' title='bbox 823 544 926 583; x_wconf 88' lang='lat' dir='ltr'><strong>inter</strong></span> <span class='ocrx_word' id='word_1_28' title='bbox 956 539 994 580; x_wconf 95' lang='lat' dir='ltr'><strong>se</strong></span> <span class='ocrx_word' id='word_1_29' title='bbox 1019 537 1135 579; x_wconf 84' lang='lat' dir='ltr'><strong>valde</strong></span> <span class='ocrx_word' id='word_1_30' title='bbox 1178 537 1256 578; x_wconf 88' lang='lat' dir='ltr'><strong>dif-</strong></span> 
     </span>
     <span class='ocr_line' id='line_1_6' title="bbox 129 608 1254 668; baseline -0.008 -12"><span class='ocrx_word' id='word_1_31' title='bbox 129 614 288 663; x_wconf 88' lang='lat' dir='ltr'><strong>ferunt,</strong></span> <span class='ocrx_word' id='word_1_32' title='bbox 320 611 399 655; x_wconf 86' lang='lat' dir='ltr'><strong>sese</strong></span> <span class='ocrx_word' id='word_1_33' title='bbox 419 616 759 668; x_wconf 83' lang='lat' dir='ltr'><strong>appropinquent.</strong></span> <span class='ocrx_word' id='word_1_34' title='bbox 831 611 981 653; x_wconf 86' lang='lat' dir='ltr'><strong>Prioris</strong></span> <span class='ocrx_word' id='word_1_35' title='bbox 1023 608 1254 662; x_wconf 81' lang='lat' dir='ltr'><strong>exemplum</strong></span> 
     </span>
     <span class='ocr_line' id='line_1_7' title="bbox 129 677 1258 736; baseline -0.007 -11"><span class='ocrx_word' id='word_1_36' title='bbox 129 685 223 725; x_wconf 84' lang='lat' dir='ltr'><strong>dant</strong></span> <span class='ocrx_word' id='word_1_37' title='bbox 256 683 529 725; x_wconf 75' lang='lat' dir='ltr'><strong>colchicorum</strong></span> <span class='ocrx_word' id='word_1_38' title='bbox 571 697 610 725; x_wconf 90' lang='lat' dir='ltr'><strong>et</strong></span> <span class='ocrx_word' id='word_1_39' title='bbox 653 696 865 725; x_wconf 78' lang='lat' dir='ltr'><strong>crocorum</strong></span> <span class='ocrx_word' id='word_1_40' title='bbox 904 693 1078 736; x_wconf 75' lang='lat' dir='ltr'><strong>genera,</strong></span> <span class='ocrx_word' id='word_1_41' title='bbox 1120 677 1258 718; x_wconf 63' lang='lat' dir='ltr'><strong>natura</strong></span> 
     </span>
     <span class='ocr_line' id='line_1_8' title="bbox 130 746 1257 807; baseline -0.006 -13"><span class='ocrx_word' id='word_1_42' title='bbox 130 754 345 794; x_wconf 86' lang='lat' dir='ltr'>admodum</span> <span class='ocrx_word' id='word_1_43' title='bbox 375 754 529 802; x_wconf 80' lang='lat' dir='ltr'><strong>affinia,</strong></span> <span class='ocrx_word' id='word_1_44' title='bbox 562 766 735 807; x_wconf 84' lang='lat' dir='ltr'><strong>quorum</strong></span> <span class='ocrx_word' id='word_1_45' title='bbox 763 753 842 793; x_wconf 90' lang='lat' dir='ltr'><strong>hoc</strong></span> <span class='ocrx_word' id='word_1_46' title='bbox 872 751 921 792; x_wconf 88' lang='lat' dir='ltr'><strong>ad</strong></span> <span class='ocrx_word' id='word_1_47' title='bbox 957 749 1117 797; x_wconf 73' lang='lat' dir='ltr'><strong>irides‚</strong></span> <span class='ocrx_word' id='word_1_48' title='bbox 1156 746 1257 788; x_wconf 89' lang='lat' dir='ltr'><strong>illud</strong></span> 
     </span>
     <span class='ocr_line' id='line_1_9' title="bbox 131 820 1258 878; baseline -0.007 -14"><span class='ocrx_word' id='word_1_49' title='bbox 131 824 180 864; x_wconf 88' lang='lat' dir='ltr'><strong>ad</strong></span> <span class='ocrx_word' id='word_1_50' title='bbox 212 825 389 878; x_wconf 74' lang='lat' dir='ltr'><strong>juncos,</strong></span> <span class='ocrx_word' id='word_1_51' title='bbox 433 824 661 876; x_wconf 84' lang='lat' dir='ltr'><strong>praesertim</strong></span> <span class='ocrx_word' id='word_1_52' title='bbox 690 820 1091 876; x_wconf 66' lang='lat' dir='ltr'><strong>propter&#39;staminum</strong></span> <span class='ocrx_word' id='word_1_53' title='bbox 1118 829 1258 858; x_wconf 84' lang='lat' dir='ltr'><strong>nume-</strong></span> 
     </span>
     <span class='ocr_line' id='line_1_10' title="bbox 130 890 1257 943; baseline -0.006 -10"><span class='ocrx_word' id='word_1_54' title='bbox 130 905 247 942; x_wconf 83' lang='lat' dir='ltr'><strong>rum,</strong></span> <span class='ocrx_word' id='word_1_55' title='bbox 299 892 481 933; x_wconf 87' lang='lat' dir='ltr'><strong>refertur.</strong></span> <span class='ocrx_word' id='word_1_56' title='bbox 570 893 811 934; x_wconf 87' lang='lat' dir='ltr'><strong>Posterioris</strong></span> <span class='ocrx_word' id='word_1_57' title='bbox 864 890 1094 943; x_wconf 84' lang='lat' dir='ltr'><strong>exemplum</strong></span> <span class='ocrx_word' id='word_1_58' title='bbox 1144 899 1257 940; x_wconf 83' lang='lat' dir='ltr'><strong>prae-</strong></span> 
     </span>
     <span class='ocr_line' id='line_1_11' title="bbox 132 956 1259 1016; baseline -0.006 -14"><span class='ocrx_word' id='word_1_59' title='bbox 132 962 202 1002; x_wconf 88' lang='lat' dir='ltr'><strong>bet</strong></span> <span class='ocrx_word' id='word_1_60' title='bbox 232 971 426 1013; x_wconf 72' lang='lat' dir='ltr'><strong>cascum,</strong></span> <span class='ocrx_word' id='word_1_61' title='bbox 471 974 572 1016; x_wconf 85' lang='lat' dir='ltr'><strong>quae</strong></span> <span class='ocrx_word' id='word_1_62' title='bbox 615 963 679 1003; x_wconf 79' lang='lat' dir='ltr'><strong>ad‘</strong></span> <span class='ocrx_word' id='word_1_63' title='bbox 707 961 1040 1003; x_wconf 69' lang='lat' dir='ltr'><strong>convolvulorum</strong></span> <span class='ocrx_word' id='word_1_64' title='bbox 1066 956 1259 998; x_wconf 81' lang='lat' dir='ltr'><strong>familiam</strong></span> 
     </span>
     <span class='ocr_line' id='line_1_12' title="bbox 131 1031 353 1073; baseline -0.009 0"><span class='ocrx_word' id='word_1_65' title='bbox 131 1031 255 1073; x_wconf 88' lang='lat' dir='ltr'><strong>relata</strong></span> <span class='ocrx_word' id='word_1_66' title='bbox 280 1042 353 1071; x_wconf 87' lang='lat' dir='ltr'><strong>est.</strong></span> 
     </span>
    </p>

    <p class='ocr_par' dir='ltr' id='par_1_3' title="bbox 130 1097 1318 1437">
     <span class='ocr_line' id='line_1_13' title="bbox 188 1097 1260 1145; baseline -0.004 -5"><span class='ocrx_word' id='word_1_67' title='bbox 188 1100 245 1141; x_wconf 85' lang='lat' dir='ltr'><strong>At</strong></span> <span class='ocrx_word' id='word_1_68' title='bbox 299 1113 398 1141; x_wconf 89' lang='lat' dir='ltr'><strong>vero</strong></span> <span class='ocrx_word' id='word_1_69' title='bbox 454 1101 503 1141; x_wconf 87' lang='lat' dir='ltr'><strong>ad</strong></span> <span class='ocrx_word' id='word_1_70' title='bbox 544 1101 641 1142; x_wconf 87' lang='lat' dir='ltr'><strong>haec</strong></span> <span class='ocrx_word' id='word_1_71' title='bbox 679 1102 813 1142; x_wconf 87' lang='lat' dir='ltr'><strong>omnia</strong></span> <span class='ocrx_word' id='word_1_72' title='bbox 851 1097 1139 1141; x_wconf 84' lang='lat' dir='ltr'><strong>observandum</strong></span> <span class='ocrx_word' id='word_1_73' title='bbox 1171 1107 1260 1145; x_wconf 87' lang='lat' dir='ltr'><strong>est,</strong></span> 
     </span>
     <span class='ocr_line' id='line_1_14' title="bbox 130 1169 1260 1225; baseline -0.004 -14"><span class='ocrx_word' id='word_1_74' title='bbox 130 1169 388 1225; x_wconf 86' lang='lat' dir='ltr'><strong>Jussievi</strong></span> <span class='ocrx_word' id='word_1_75' title='bbox 442 1171 678 1213; x_wconf 82' lang='lat' dir='ltr'><strong>methodum</strong></span> <span class='ocrx_word' id='word_1_76' title='bbox 722 1171 806 1211; x_wconf 90' lang='lat' dir='ltr'><strong>esse</strong></span> <span class='ocrx_word' id='word_1_77' title='bbox 844 1183 927 1211; x_wconf 84' lang='lat' dir='ltr'><strong>rem</strong></span> <span class='ocrx_word' id='word_1_78' title='bbox 962 1170 1047 1211; x_wconf 88' lang='lat' dir='ltr'><strong>fere</strong></span> <span class='ocrx_word' id='word_1_79' title='bbox 1087 1180 1260 1215; x_wconf 79' lang='lat' dir='ltr'><strong>novam,</strong></span> 
     </span>
     <span class='ocr_line' id='line_1_15' title="bbox 135 1226 1318 1296; baseline -0.003 -15"><span class='ocrx_word' id='word_1_80' title='bbox 135 1239 322 1294; x_wconf 84' lang='lat' dir='ltr'><strong>qualem,</strong></span> <span class='ocrx_word' id='word_1_81' title='bbox 355 1253 405 1281; x_wconf 83' lang='lat' dir='ltr'><strong>ex</strong></span> <span class='ocrx_word' id='word_1_82' title='bbox 432 1242 582 1296; x_wconf 85' lang='lat' dir='ltr'><strong>ingenii</strong></span> <span class='ocrx_word' id='word_1_83' title='bbox 611 1242 773 1284; x_wconf 90' lang='lat' dir='ltr'><strong>humani</strong></span> <span class='ocrx_word' id='word_1_84' title='bbox 800 1241 915 1282; x_wconf 89' lang='lat' dir='ltr'><strong>lento</strong></span> <span class='ocrx_word' id='word_1_85' title='bbox 950 1238 1163 1294; x_wconf 85' lang='lat' dir='ltr'><strong>progressu</strong></span> <span class='ocrx_word' id='word_1_86' title='bbox 1204 1238 1261 1278; x_wconf 80' lang='lat' dir='ltr'><strong>fa·</strong></span> <span class='ocrx_word' id='word_1_87' title='bbox 1310 1226 1318 1237; x_wconf 70' lang='grc'>’</span> 
     </span>
     <span class='ocr_line' id='line_1_16' title="bbox 136 1305 1266 1366; baseline -0.005 -14"><span class='ocrx_word' id='word_1_88' title='bbox 136 1311 214 1352; x_wconf 92' lang='lat' dir='ltr'><strong>cile</strong></span> <span class='ocrx_word' id='word_1_89' title='bbox 255 1310 519 1365; x_wconf 71' lang='lat' dir='ltr'><strong>intelligitur,</strong></span> <span class='ocrx_word' id='word_1_90' title='bbox 563 1325 585 1352; x_wconf 90' lang='lat' dir='ltr'><strong>a</strong></span> <span class='ocrx_word' id='word_1_91' title='bbox 624 1315 713 1354; x_wconf 85' lang='lat' dir='ltr'><strong>viro</strong></span> <span class='ocrx_word' id='word_1_92' title='bbox 741 1312 907 1366; x_wconf 82' lang='lat' dir='ltr'><strong>egregio</strong></span> <span class='ocrx_word' id='word_1_93' title='bbox 935 1322 1018 1350; x_wconf 88' lang='lat' dir='ltr'><strong>non</strong></span> <span class='ocrx_word' id='word_1_94' title='bbox 1058 1309 1183 1350; x_wconf 87' lang='lat' dir='ltr'><strong>statim</strong></span> <span class='ocrx_word' id='word_1_95' title='bbox 1215 1305 1266 1346; x_wconf 85' lang='lat' dir='ltr'><strong>ad</strong></span> 
     </span>
     <span class='ocr_line' id='line_1_17' title="bbox 137 1378 1264 1437; baseline -0.004 -16"><span class='ocrx_word' id='word_1_96' title='bbox 137 1391 288 1421; x_wconf 82' lang='lat' dir='ltr'><strong>tantum</strong></span> <span class='ocrx_word' id='word_1_97' title='bbox 338 1380 602 1433; x_wconf 83' lang='lat' dir='ltr'><strong>perfectionis</strong></span> <span class='ocrx_word' id='word_1_98' title='bbox 656 1382 859 1437; x_wconf 81' lang='lat' dir='ltr'><strong>fastigium</strong></span> <span class='ocrx_word' id='word_1_99' title='bbox 901 1381 1018 1421; x_wconf 88' lang='lat' dir='ltr'><strong>evehi</strong></span> <span class='ocrx_word' id='word_1_100' title='bbox 1055 1378 1264 1433; x_wconf 85' lang='lat' dir='ltr'><strong>potuisse,</strong></span> 
     </span>
    </p>
   </div>
   <div class='ocr_carea' id='block_1_3' title="bbox 71 1451 1264 1503">
    <p class='ocr_par' dir='ltr' id='par_1_4' title="bbox 71 1451 1264 1503">
     <span class='ocr_line' id='line_1_18' title="bbox 71 1451 1264 1503; baseline 0 -14"><span class='ocrx_word' id='word_1_101' title='bbox 71 1471 74 1474; x_wconf 59' lang='lat'>&gt;</span> <span class='ocrx_word' id='word_1_102' title='bbox 138 1460 329 1503; x_wconf 88' lang='lat' dir='ltr'><strong>quantum</strong></span> <span class='ocrx_word' id='word_1_103' title='bbox 360 1462 501 1502; x_wconf 87' lang='lat' dir='ltr'><strong>postea</strong></span> <span class='ocrx_word' id='word_1_104' title='bbox 525 1451 787 1493; x_wconf 84' lang='lat' dir='ltr'><strong>ulterioribus</strong></span> <span class='ocrx_word' id='word_1_105' title='bbox 817 1451 1166 1494; x_wconf 89' lang='lat' dir='ltr'><strong>observationibus</strong></span> <span class='ocrx_word' id='word_1_106' title='bbox 1181 1461 1264 1491; x_wconf 84' lang='lat' dir='ltr'><strong>am-</strong></span> 
     </span>
    </p>
   </div>
   <div class='ocr_carea' id='block_1_4' title="bbox 139 1519 783 1577">
    <p class='ocr_par' dir='ltr' id='par_1_5' title="bbox 139 1519 783 1577">
     <span class='ocr_line' id='line_1_19' title="bbox 139 1519 783 1577; baseline 0.008 -18"><span class='ocrx_word' id='word_1_107' title='bbox 139 1519 418 1573; x_wconf 87' lang='lat' dir='ltr'><strong>plioribusque</strong></span> <span class='ocrx_word' id='word_1_108' title='bbox 446 1521 605 1563; x_wconf 82' lang='lat' dir='ltr'><strong>auxiliis</strong></span> <span class='ocrx_word' id='word_1_109' title='bbox 634 1524 783 1577; x_wconf 76' lang='lat' dir='ltr'><strong>attigit.</strong></span> 
     </span>
    </p>
   </div>
   <div class='ocr_carea' id='block_1_5' title="bbox 144 1795 1275 2276">
    <p class='ocr_par' dir='ltr' id='par_1_6' title="bbox 144 1795 1275 2276">
     <span class='ocr_line' id='line_1_20' title="bbox 202 1795 1270 1855; baseline 0.003 -20"><span class='ocrx_word' id='word_1_110' title='bbox 202 1795 298 1836; x_wconf 85' lang='lat' dir='ltr'><strong>Inde</strong></span> <span class='ocrx_word' id='word_1_111' title='bbox 341 1805 465 1850; x_wconf 79' lang='lat' dir='ltr'><strong>porro</strong></span> <span class='ocrx_word' id='word_1_112' title='bbox 505 1797 675 1840; x_wconf 85' lang='lat' dir='ltr'><strong>alterum</strong></span> <span class='ocrx_word' id='word_1_113' title='bbox 715 1797 895 1840; x_wconf 71' lang='lat' dir='ltr'><strong>methodi</strong></span> <span class='ocrx_word' id='word_1_114' title='bbox 935 1799 1270 1855; x_wconf 85' lang='lat' dir='ltr'><strong>Jussieveae</strong></span> 
     </span>
     <span class='ocr_line' id='line_1_21' title="bbox 144 1864 1269 1922; baseline 0.007 -18"><span class='ocrx_word' id='word_1_115' title='bbox 144 1865 288 1905; x_wconf 89' lang='lat' dir='ltr'><strong>vitium</strong></span> <span class='ocrx_word' id='word_1_116' title='bbox 317 1865 597 1917; x_wconf 80' lang='lat' dir='ltr'><strong>explicandum</strong></span> <span class='ocrx_word' id='word_1_117' title='bbox 628 1880 716 1920; x_wconf 63' lang='lat' dir='ltr'><strong>estg</strong></span> <span class='ocrx_word' id='word_1_118' title='bbox 759 1864 1059 1911; x_wconf 47' lang='lat' dir='ltr'><strong>nimirumiin</strong></span> <span class='ocrx_word' id='word_1_119' title='bbox 1101 1871 1146 1911; x_wconf 69' lang='lat' dir='ltr'><strong>ea</strong></span> <span class='ocrx_word' id='word_1_120' title='bbox 1191 1881 1269 1922; x_wconf 82' lang='lat'><strong>150</strong></span> 
     </span>
     <span class='ocr_line' id='line_1_22' title="bbox 146 1936 1273 1993; baseline 0.007 -21"><span class='ocrx_word' id='word_1_121' title='bbox 146 1947 293 1989; x_wconf 85' lang='lat' dir='ltr'><strong>genera</strong></span> <span class='ocrx_word' id='word_1_122' title='bbox 335 1936 437 1976; x_wconf 86' lang='lat' dir='ltr'><strong>inter</strong></span> <span class='ocrx_word' id='word_1_123' title='bbox 474 1936 644 1979; x_wconf 84' lang='lat' dir='ltr'><strong>familias</strong></span> <span class='ocrx_word' id='word_1_124' title='bbox 684 1939 770 1993; x_wconf 82' lang='lat' dir='ltr'><strong>ejus</strong></span> <span class='ocrx_word' id='word_1_125' title='bbox 804 1940 1001 1981; x_wconf 84' lang='lat' dir='ltr'><strong>naturales</strong></span> <span class='ocrx_word' id='word_1_126' title='bbox 1041 1952 1121 1979; x_wconf 88' lang='lat' dir='ltr'><strong>non</strong></span> <span class='ocrx_word' id='word_1_127' title='bbox 1148 1938 1273 1980; x_wconf 80' lang='lat' dir='ltr'><strong>relata</strong></span> 
     </span>
     <span class='ocr_line' id='line_1_23' title="bbox 146 2004 1272 2062; baseline 0.006 -19"><span class='ocrx_word' id='word_1_128' title='bbox 146 2004 257 2053; x_wconf 86' lang='lat' dir='ltr'><strong>esse,</strong></span> <span class='ocrx_word' id='word_1_129' title='bbox 311 2017 411 2056; x_wconf 81' lang='lat' dir='ltr'><strong>quae</strong></span> <span class='ocrx_word' id='word_1_130' title='bbox 465 2019 628 2059; x_wconf 74' lang='lat' dir='ltr'><strong>genera</strong></span> <span class='ocrx_word' id='word_1_131' title='bbox 669 2009 859 2051; x_wconf 70' lang='lat' dir='ltr'><strong>incertae</strong></span> <span class='ocrx_word' id='word_1_132' title='bbox 888 2008 1003 2062; x_wconf 68' lang='lat' dir='ltr'><strong>fiedis</strong></span> <span class='ocrx_word' id='word_1_133' title='bbox 1058 2010 1272 2059; x_wconf 85' lang='lat' dir='ltr'><strong>dicuntur,</strong></span> 
     </span>
     <span class='ocr_line' id='line_1_24' title="bbox 148 2074 1273 2135; baseline 0.006 -22"><span class='ocrx_word' id='word_1_134' title='bbox 148 2074 336 2127; x_wconf 83' lang='lat' dir='ltr'><strong>quoniam</strong></span> <span class='ocrx_word' id='word_1_135' title='bbox 372 2086 505 2115; x_wconf 87' lang='lat' dir='ltr'><strong>earum</strong></span> <span class='ocrx_word' id='word_1_136' title='bbox 555 2076 810 2129; x_wconf 81' lang='lat' dir='ltr'><strong>plantarum,</strong></span> <span class='ocrx_word' id='word_1_137' title='bbox 856 2093 957 2132; x_wconf 87' lang='lat' dir='ltr'><strong>quae</strong></span> <span class='ocrx_word' id='word_1_138' title='bbox 990 2081 1086 2121; x_wconf 83' lang='lat' dir='ltr'><strong>haec</strong></span> <span class='ocrx_word' id='word_1_139' title='bbox 1128 2093 1273 2135; x_wconf 80' lang='lat' dir='ltr'><strong>genera</strong></span> 
     </span>
     <span class='ocr_line' id='line_1_25' title="bbox 149 2143 1274 2196; baseline 0.003 -11"><span class='ocrx_word' id='word_1_140' title='bbox 149 2143 418 2193; x_wconf 84' lang='lat' dir='ltr'><strong>constituunt,</strong></span> <span class='ocrx_word' id='word_1_141' title='bbox 479 2145 672 2188; x_wconf 85' lang='lat' dir='ltr'><strong>structura</strong></span> <span class='ocrx_word' id='word_1_142' title='bbox 729 2150 916 2196; x_wconf 77' lang='lat' dir='ltr'><strong>naturalis</strong></span> <span class='ocrx_word' id='word_1_143' title='bbox 967 2151 1143 2191; x_wconf 87' lang='lat' dir='ltr'><strong>nondum</strong></span> <span class='ocrx_word' id='word_1_144' title='bbox 1198 2152 1274 2190; x_wconf 85' lang='lat' dir='ltr'><strong>rite</strong></span> 
     </span>
     <span class='ocr_line' id='line_1_26' title="bbox 150 2214 1275 2276; baseline 0.004 -21"><span class='ocrx_word' id='word_1_145' title='bbox 150 2214 313 2269; x_wconf 87' lang='lat' dir='ltr'><strong>cognita</strong></span> <span class='ocrx_word' id='word_1_146' title='bbox 344 2225 440 2254; x_wconf 86' lang='lat' dir='ltr'><strong>erat.</strong></span> <span class='ocrx_word' id='word_1_147' title='bbox 501 2214 614 2259; x_wconf 81' lang='lat' dir='ltr'><strong>Haec</strong></span> <span class='ocrx_word' id='word_1_148' title='bbox 647 2230 776 2261; x_wconf 84' lang='lat' dir='ltr'><strong>tamen</strong></span> <span class='ocrx_word' id='word_1_149' title='bbox 805 2232 949 2275; x_wconf 81' lang='lat' dir='ltr'><strong>genera</strong></span> <span class='ocrx_word' id='word_1_150' title='bbox 971 2219 1275 2276; x_wconf 88' lang='lat' dir='ltr'><strong>Jussievus</strong></span> 
     </span>
    </p>
   </div>
   <div class='ocr_carea' id='block_1_6' title="bbox 1177 2289 1276 2351">
    <p class='ocr_par' dir='ltr' id='par_1_7' title="bbox 1177 2289 1276 2351">
     <span class='ocr_line' id='line_1_27' title="bbox 1177 2289 1276 2351; baseline -0.02 -20"><span class='ocrx_word' id='word_1_151' title='bbox 1177 2343 1182 2351; x_wconf 40' lang='grc' dir='ltr'><em>Ι</em></span> <span class='ocrx_word' id='word_1_152' title='bbox 1219 2289 1276 2331; x_wconf 87' lang='lat' dir='ltr'><strong>se·</strong></span> 
     </span>
    </p>
   </div>
  </div>
 </body>
</html>
