1519 2729
677 116 898 174 (90)

226 254 441 297 intestinali
469 253 692 296 nidulantes
719 255 967 308 producunt,
1005 257 1137 310 primo
1164 254 1261 298 loco
1284 269 1346 298 re-

226 323 390 365 ferimus
421 324 527 364 illam
556 325 815 365 irritationem
847 340 947 378 quae
977 326 1152 380 sequitur
1190 338 1346 384 motum

226 395 418 434 vermium
447 395 486 433 in
513 394 603 446 ipsis
632 396 842 436 intestinis.
902 395 1068 438 Scilicet
1103 395 1217 436 aliter
1260 396 1346 436 fieri
1375 389 1388 395 ”

228 463 394 515 nequit,
427 464 523 515 quin
552 476 730 514 vermes.,
764 467 959 518 imprimis
988 463 1219 520 Ascm'ides
1241 467 1348 506 lum-

226 531 453 584 bricoi'des,
483 545 684 586 reptantes
713 535 880 575 ultimos
924 548 1137 575 nervorum
1182 534 1346 575 senfilis-

227 603 411 643 fimorum
467 602 563 643 fines
609 605 805 657 attingant
846 615 893 644 et·
934 604 1104 644 moleste
1147 605 1347 650 afficiant,

172 700 177 708 J
224 670 462 726 plerumque
489 686 539 712 eo
568 674 722 726 magis,
767 686 953 726 quo..per
984 674 1110 727 maJ‘us
1153 673 1349 726 temporis

226 740 396 793 spatium
424 741 543 781 semel
571 742 764 796 simulque
795 744 833 782 in
857 743 999 796 jejuno
1020 754 1061 782 et
1088 742 1171 783 ileo
1198 743 1348 783 fuerint

227 810 440 851 intestinis.
504 810 706 865 Imprimis
738 813 817 854 hoc
847 812 1078 852 observatur
1110 825 1160 852 eo
1191 823 1349 865 tempo·

226 891 297 928 re,
339 892 422 932 quo
450 881 636 923 intestina
663 885 795 922 tenuia
821 893 889 922 aut
919 893 1004 922 tota
1031 893 1098 923 aut
1127 896 1202 935 pro
1241 894 1350 936 mag-

226 962 274 989 na
301 962 412 1004 parte
438 951 586 1003 chymo
615 953 702 993 sunt
732 953 954 1001 destitutaz,
994 952 1087 1007 hinc
1119 952 1282 993 dolores
1309 953 1351 992 in

226 1022 391 1074 regione
417 1021 600 1065 umbilici
631 1034 670 1062 er
698 1020 929 1063 scrobiculo
960 1021 1094 1062 cordis
1124 1021 1238 1075 saepe
1276 1021 1352 1062 ob-

227 1089 418 1130 servandi.
502 1090 706 1132 Alimenta
757 1093 881 1146 igitur
925 1102 1161 1144 quaerentes
1197 1103 1352 1133 vermes

227 1159 494 1200 ventriculum
522 1163 693 1210 intrant,
727 1173 769 1202 ut
798 1161 915 1202 saliva
942 1171 1009 1202 aut
1045 1162 1166 1203 succo
1211 1163 1352 1217 gastri-

227 1241 280 1268 co
303 1232 553 1280 nutriantur,
583 1233 802 1284 eademque
833 1233 988 1272 ratione
1032 1232 1113 1272 illis
1149 1233 1351 1272 ventricu-

226 1297 405 1340 lum-ac
448 1302 635 1341 intestina
677 1301 940 1342 afficientibus
982 1313 1140 1355 praeter
1191 1301 1354 1343 dolores

229 1369 412 1408 oriuntur
447 1371 613 1422 nausea,
657 1372 861 1419 vonum,
910 1371 1036 1424 (quae
1065 1371 1201 1413 haustu
1228 1383 1353 1424 aquae

226 1438 396 1492 frigidae
426 1441 577 1480 cessant
606 1452 646 1480 et
675 1441 872 1491 imprimis
911 1441 1189 1493 producuntur
1225 1439 1354 1481 dulci-

228 1505 305 1548 bus
331 1507 547 1561 adhibitis)
565 1539 577 1557 .‚
607 1521 897 1561 nonnunquam
925 1522 1139 1561 cruentus,
1170 1522 1353 1550 nonnun-

228 1589 348 1629 quam
376 1580 634 1633 aeruginosus
680 1579 886 1633 (quocum
918 1579 1023 1618 haud
1050 1592 1140 1618 raro
1185 1579 1353 1632 ejiciun-

229 1645 320 1699 tur)
364 1660 649 1702 nonnunquam
705 1648 906 1702 aquosus,
963 1661 1045 1702 quo
1095 1649 1209 1690 facto
1245 1651 1354 1704 aegri

228 1716 391 1758 dolores
429 1730 470 1759 et
497 1722 725 1760 anxietates
754 1718 989 1768 leniuntur,
1029 1720 1224 1772 imprimis
1255 1730 1353 1760 tem-

226 1800 327 1841 pore
368 1791 583 1830 autumnali
601 1821 613 1840 ,
657 1803 858 1843 quemque
907 1791 1105 1830 vomitum
1157 1791 1363 1851 comitans

227 1868 292 1898 tur
330 1860 574 1908 anxietates,
628 1860 789 1900 sudores
832 1859 997 1915 frigidi,
1041 1860 1225 1914 reliqum,
1285 1859 1376 1899 de-›

228 1927 321 1967 inde
350 1941 447 1968 vcro
473 1942 518 1969 ut
544 1929 762 1991 plurimum
793 1930 917 1971 fames
944 1931 1112 1985 ingens,
1156 1929 1353 1970 interdum

226 1998 394 2047 canina,
426 2000 573 2040 etiamsi
602 2012 742 2052 pastus
772 2000 896 2040 modo
918 2000 1201 2049 antecesserit:,
1233 1999 1354 2040 edunt

226 2067 348 2119 igitur
391 2068 599 2119 infelices,
643 2083 687 2111 ut
730 2071 810 2109 vivi
848 2069 1121 2113 comedantur.
1182 2069 1224 2110 Si
1255 2082 1354 2110 vero

224 2138 265 2177 in
294 2137 570 2194 oesophagum
600 2142 835 2183 intraverint
863 2152 1045 2190 verium,
1089 2150 1155 2181 aut
1185 2139 1235 2180 ad
1258 2151 1354 2180 ven-

1285 2219 1353 2248 tri·
