<?xml version="1.0" encoding="UTF-8"?>
<!DOCTYPE html PUBLIC "-//W3C//DTD XHTML 1.0 Transitional//EN"
    "http://www.w3.org/TR/xhtml1/DTD/xhtml1-transitional.dtd">
<html xmlns="http://www.w3.org/1999/xhtml" xml:lang="en" lang="en">
 <head>
  <title>
</title>
<meta http-equiv="Content-Type" content="text/html;charset=utf-8" />
  <meta name='ocr-system' content='tesseract 3.04.00' />
  <meta name='ocr-capabilities' content='ocr_page ocr_carea ocr_par ocr_line ocrx_word'/>
</head>
<body>
  <div class='ocr_page' id='page_1' title='image "annalesacademiae22acad_0163.png"; bbox 0 0 1519 2729; ppageno 0'>
   <div class='ocr_carea' id='block_1_1' title="bbox 563 180 787 238">
    <p class='ocr_par' dir='ltr' id='par_1_1' title="bbox 563 180 787 238">
     <span class='ocr_line' id='line_1_1' title="bbox 563 180 787 238; baseline -0.004 0"><span class='ocrx_word' id='word_1_1' title='bbox 563 180 787 238; x_wconf 81' lang='grc'>(47)</span> 
     </span>
    </p>
   </div>
   <div class='ocr_carea' id='block_1_2' title="bbox 119 317 1250 1145">
    <p class='ocr_par' dir='ltr' id='par_1_2' title="bbox 119 317 1250 1074">
     <span class='ocr_line' id='line_1_2' title="bbox 128 317 1243 371; baseline -0.004 -7"><span class='ocrx_word' id='word_1_2' title='bbox 128 323 306 368; x_wconf 75' lang='lat' dir='ltr'><strong>cultores</strong></span> <span class='ocrx_word' id='word_1_3' title='bbox 346 319 515 361; x_wconf 78' lang='lat' dir='ltr'><strong>insaniae</strong></span> <span class='ocrx_word' id='word_1_4' title='bbox 555 318 804 365; x_wconf 77' lang='lat' dir='ltr'>incusabant.</span> <span class='ocrx_word' id='word_1_5' title='bbox 889 317 1028 371; x_wconf 78' lang='lat' dir='ltr'><strong>Itaque</strong></span> <span class='ocrx_word' id='word_1_6' title='bbox 1062 320 1103 360; x_wconf 86' lang='lat' dir='ltr'><strong>in</strong></span> <span class='ocrx_word' id='word_1_7' title='bbox 1147 318 1243 359; x_wconf 73' lang='lat' dir='ltr'><strong>alia-</strong></span> 
     </span>
     <span class='ocr_line' id='line_1_3' title="bbox 127 388 1243 449; baseline -0.005 -14"><span class='ocrx_word' id='word_1_8' title='bbox 127 407 215 435; x_wconf 87' lang='lat' dir='ltr'><strong>rum</strong></span> <span class='ocrx_word' id='word_1_9' title='bbox 257 393 465 447; x_wconf 74' lang='lat' dir='ltr'><strong>gentium,</strong></span> <span class='ocrx_word' id='word_1_10' title='bbox 509 389 636 431; x_wconf 86' lang='lat' dir='ltr'><strong>veluti</strong></span> <span class='ocrx_word' id='word_1_11' title='bbox 690 389 992 443; x_wconf 82' lang='lat' dir='ltr'><strong>Aegyptiorum</strong></span> <span class='ocrx_word' id='word_1_12' title='bbox 1030 399 1071 429; x_wconf 87' lang='lat' dir='ltr'><strong>et</strong></span> <span class='ocrx_word' id='word_1_13' title='bbox 1115 388 1243 449; x_wconf 64' lang='lat' dir='ltr'><strong>Graes</strong></span> 
     </span>
     <span class='ocr_line' id='line_1_4' title="bbox 127 458 1243 514; baseline -0.006 -10"><span class='ocrx_word' id='word_1_14' title='bbox 127 474 269 504; x_wconf 89' lang='lat' dir='ltr'><strong>corum</strong></span> <span class='ocrx_word' id='word_1_15' title='bbox 310 460 415 501; x_wconf 85' lang='lat' dir='ltr'><strong>sacra</strong></span> <span class='ocrx_word' id='word_1_16' title='bbox 455 459 618 514; x_wconf 80' lang='lat' dir='ltr'><strong>grassati</strong></span> <span class='ocrx_word' id='word_1_17' title='bbox 660 460 774 507; x_wconf 88' lang='lat' dir='ltr'><strong>sunt,</strong></span> <span class='ocrx_word' id='word_1_18' title='bbox 818 458 902 499; x_wconf 91' lang='lat' dir='ltr'><strong>alto</strong></span> <span class='ocrx_word' id='word_1_19' title='bbox 943 458 1161 512; x_wconf 81' lang='lat' dir='ltr'><strong>supercilio</strong></span> <span class='ocrx_word' id='word_1_20' title='bbox 1200 461 1243 507; x_wconf 77' lang='lat' dir='ltr'><strong>in</strong></span> 
     </span>
     <span class='ocr_line' id='line_1_5' title="bbox 126 526 1246 583; baseline -0.001 -11"><span class='ocrx_word' id='word_1_21' title='bbox 126 544 269 572; x_wconf 88' lang='lat' dir='ltr'><strong>eorum</strong></span> <span class='ocrx_word' id='word_1_22' title='bbox 306 529 447 570; x_wconf 79' lang='lat' dir='ltr'><strong>statuas</strong></span> <span class='ocrx_word' id='word_1_23' title='bbox 474 539 515 568; x_wconf 90' lang='lat' dir='ltr'><strong>et</strong></span> <span class='ocrx_word' id='word_1_24' title='bbox 557 526 724 569; x_wconf 85' lang='lat' dir='ltr'><strong>delubra</strong></span> <span class='ocrx_word' id='word_1_25' title='bbox 752 528 1034 583; x_wconf 83' lang='lat' dir='ltr'><strong>despicientes.</strong></span> <span class='ocrx_word' id='word_1_26' title='bbox 1096 527 1246 583; x_wconf 77' lang='lat' dir='ltr'><strong>Neque</strong></span> 
     </span>
     <span class='ocr_line' id='line_1_6' title="bbox 127 599 1247 651; baseline -0.001 -9"><span class='ocrx_word' id='word_1_27' title='bbox 127 600 232 643; x_wconf 89' lang='lat' dir='ltr'><strong>illud</strong></span> <span class='ocrx_word' id='word_1_28' title='bbox 283 611 413 641; x_wconf 82' lang='lat' dir='ltr'><strong>tamen</strong></span> <span class='ocrx_word' id='word_1_29' title='bbox 469 599 568 638; x_wconf 87' lang='lat' dir='ltr'><strong>mihi</strong></span> <span class='ocrx_word' id='word_1_30' title='bbox 623 600 926 651; x_wconf 85' lang='lat' dir='ltr'>provectiorem</span> <span class='ocrx_word' id='word_1_31' title='bbox 987 600 1247 651; x_wconf 75' lang='lat' dir='ltr'><strong>humanitatis</strong></span> 
     </span>
     <span class='ocr_line' id='line_1_7' title="bbox 121 664 1248 725; baseline -0.003 -12"><span class='ocrx_word' id='word_1_32' title='bbox 121 664 484 723; x_wconf 78' lang='lat' dir='ltr'><strong>cultumprodere</strong></span> <span class='ocrx_word' id='word_1_33' title='bbox 522 668 708 719; x_wconf 88' lang='lat' dir='ltr'><strong>videtur,</strong></span> <span class='ocrx_word' id='word_1_34' title='bbox 752 681 820 711; x_wconf 88' lang='lat' dir='ltr'><strong>aut</strong></span> <span class='ocrx_word' id='word_1_35' title='bbox 848 670 1055 724; x_wconf 84' lang='lat' dir='ltr'><strong>puriorem</strong></span> <span class='ocrx_word' id='word_1_36' title='bbox 1081 669 1248 725; x_wconf 79' lang='lat' dir='ltr'><strong>religio-</strong></span> 
     </span>
     <span class='ocr_line' id='line_1_8' title="bbox 125 738 1249 794; baseline -0.001 -11"><span class='ocrx_word' id='word_1_37' title='bbox 125 753 230 783; x_wconf 89' lang='lat' dir='ltr'><strong>nem.</strong></span> <span class='ocrx_word' id='word_1_38' title='bbox 319 738 461 780; x_wconf 84' lang='lat' dir='ltr'>Persae</span> <span class='ocrx_word' id='word_1_39' title='bbox 508 740 616 780; x_wconf 88' lang='lat' dir='ltr'><strong>enim</strong></span> <span class='ocrx_word' id='word_1_40' title='bbox 652 739 816 793; x_wconf 87' lang='lat' dir='ltr'>plurimi</span> <span class='ocrx_word' id='word_1_41' title='bbox 864 740 1118 781; x_wconf 86' lang='lat' dir='ltr'><strong>nomadicam</strong></span> <span class='ocrx_word' id='word_1_42' title='bbox 1162 738 1249 794; x_wconf 85' lang='lat' dir='ltr'><strong>(a)</strong></span> 
     </span>
     <span class='ocr_line' id='line_1_9' title="bbox 124 796 1250 865; baseline -0.003 -12"><span class='ocrx_word' id='word_1_43' title='bbox 124 813 249 854; x_wconf 87' lang='lat' dir='ltr'><strong>vitam</strong></span> <span class='ocrx_word' id='word_1_44' title='bbox 277 820 469 865; x_wconf 86' lang='lat' dir='ltr'><strong>agentes,</strong></span> <span class='ocrx_word' id='word_1_45' title='bbox 515 821 620 853; x_wconf 87' lang='lat' dir='ltr'><strong>artes</strong></span> <span class='ocrx_word' id='word_1_46' title='bbox 647 796 826 851; x_wconf 88' lang='lat' dir='ltr'><strong>nondum</strong></span> <span class='ocrx_word' id='word_1_47' title='bbox 860 809 1124 854; x_wconf 85' lang='lat' dir='ltr'><strong>excoluerant</strong></span> <span class='ocrx_word' id='word_1_48' title='bbox 1165 810 1250 850; x_wconf 83' lang='lat' dir='ltr'><strong>ele-</strong></span> 
     </span>
     <span class='ocr_line' id='line_1_10' title="bbox 124 879 1250 938; baseline -0.003 -15"><span class='ocrx_word' id='word_1_49' title='bbox 124 880 537 938; x_wconf 35' lang='lat' dir='ltr'><strong>gantiores„quibus</strong></span> <span class='ocrx_word' id='word_1_50' title='bbox 565 879 646 920; x_wconf 88' lang='lat' dir='ltr'><strong>sese</strong></span> <span class='ocrx_word' id='word_1_51' title='bbox 676 879 873 931; x_wconf 75' lang='lat' dir='ltr'><strong>dederant</strong></span> <span class='ocrx_word' id='word_1_52' title='bbox 896 879 1091 934; x_wconf 85' lang='lat' dir='ltr'><strong>Aegyptii</strong></span> <span class='ocrx_word' id='word_1_53' title='bbox 1121 880 1250 922; x_wconf 84' lang='lat' dir='ltr'><strong>Grae-</strong></span> 
     </span>
     <span class='ocr_line' id='line_1_11' title="bbox 124 947 1248 1006; baseline 0.001 -15"><span class='ocrx_word' id='word_1_54' title='bbox 124 952 276 1005; x_wconf 83' lang='lat' dir='ltr'><strong>cique,</strong></span> <span class='ocrx_word' id='word_1_55' title='bbox 307 950 401 1003; x_wconf 90' lang='lat' dir='ltr'><strong>qui,</strong></span> <span class='ocrx_word' id='word_1_56' title='bbox 451 947 611 989; x_wconf 83' lang='lat' dir='ltr'><strong>stabiles</strong></span> <span class='ocrx_word' id='word_1_57' title='bbox 646 950 754 990; x_wconf 86' lang='lat' dir='ltr'><strong>nacti</strong></span> <span class='ocrx_word' id='word_1_58' title='bbox 784 951 920 1001; x_wconf 83' lang='lat' dir='ltr'><strong>sedes,</strong></span> <span class='ocrx_word' id='word_1_59' title='bbox 950 952 1146 1006; x_wconf 74' lang='lat' dir='ltr'><strong>majorem</strong></span> <span class='ocrx_word' id='word_1_60' title='bbox 1170 950 1248 992; x_wconf 74' lang='lat' dir='ltr'>hu.-</span> 
     </span>
     <span class='ocr_line' id='line_1_12' title="bbox 119 1018 1231 1074; baseline -0.001 -12"><span class='ocrx_word' id='word_1_61' title='bbox 119 1020 324 1067; x_wconf 69' lang='lat' dir='ltr'><strong>,manitatis</strong></span> <span class='ocrx_word' id='word_1_62' title='bbox 353 1018 520 1073; x_wconf 85' lang='lat' dir='ltr'><strong>gradum</strong></span> <span class='ocrx_word' id='word_1_63' title='bbox 547 1020 763 1074; x_wconf 82' lang='lat' dir='ltr'><strong>attigerant</strong></span> <span class='ocrx_word' id='word_1_64' title='bbox 795 1019 888 1074; x_wconf 78' lang='lat' dir='ltr'><strong>(h).</strong></span> <span class='ocrx_word' id='word_1_65' title='bbox 1226 1055 1231 1061; x_wconf 90' lang='lat'>.</span> 
     </span>
    </p>

    <p class='ocr_par' dir='ltr' id='par_1_3' title="bbox 1129 1087 1249 1145">
     <span class='ocr_line' id='line_1_13' title="bbox 1129 1087 1249 1145; baseline 0 -15"><span class='ocrx_word' id='word_1_66' title='bbox 1129 1087 1249 1145; x_wconf 83' lang='lat' dir='ltr'><strong>Quae</strong></span> 
     </span>
    </p>
   </div>
   <div class='ocr_carea' id='block_1_3' title="bbox 124 1212 1251 1370">
    <p class='ocr_par' dir='ltr' id='par_1_4' title="bbox 124 1212 1251 1370">
     <span class='ocr_line' id='line_1_14' title="bbox 168 1212 972 1260; baseline 0 -12"><span class='ocrx_word' id='word_1_67' title='bbox 168 1212 235 1260; x_wconf 83' lang='lat' dir='ltr'><strong>(a)</strong></span> <span class='ocrx_word' id='word_1_68' title='bbox 259 1214 420 1255; x_wconf 88' lang='lat' dir='ltr'><strong>Heeren,</strong></span> <span class='ocrx_word' id='word_1_69' title='bbox 449 1215 473 1247; x_wconf 85' lang='lat'><strong>1.</strong></span> <span class='ocrx_word' id='word_1_70' title='bbox 496 1214 518 1249; x_wconf 91' lang='lat' dir='ltr'><strong>l.</strong></span> <span class='ocrx_word' id='word_1_71' title='bbox 537 1215 552 1248; x_wconf 97' lang='lat' dir='ltr'>I</span> <span class='ocrx_word' id='word_1_72' title='bbox 571 1213 637 1248; x_wconf 89' lang='lat' dir='ltr'><strong>Th.</strong></span> <span class='ocrx_word' id='word_1_73' title='bbox 667 1215 682 1248; x_wconf 95' lang='lat'>1</span> <span class='ocrx_word' id='word_1_74' title='bbox 706 1214 808 1249; x_wconf 90' lang='lat' dir='ltr'><strong>Abth.</strong></span> <span class='ocrx_word' id='word_1_75' title='bbox 835 1225 869 1257; x_wconf 85' lang='lat' dir='ltr'><strong>p.</strong></span> <span class='ocrx_word' id='word_1_76' title='bbox 893 1225 972 1258; x_wconf 81' lang='lat'>412.</span> 
     </span>
     <span class='ocr_line' id='line_1_15' title="bbox 167 1266 1249 1316; baseline -0.004 -11"><span class='ocrx_word' id='word_1_77' title='bbox 167 1269 233 1316; x_wconf 84' lang='lat' dir='ltr'><strong>(b)</strong></span> <span class='ocrx_word' id='word_1_78' title='bbox 271 1270 384 1305; x_wconf 85' lang='lat' dir='ltr'><strong>Persas</strong></span> <span class='ocrx_word' id='word_1_79' title='bbox 419 1270 572 1312; x_wconf 79' lang='lat' dir='ltr'><strong>intelligo</strong></span> <span class='ocrx_word' id='word_1_80' title='bbox 598 1271 827 1314; x_wconf 86' lang='lat' dir='ltr'><strong>antiquiores,</strong></span> <span class='ocrx_word' id='word_1_81' title='bbox 866 1280 885 1304; x_wconf 94' lang='lat' dir='ltr'><strong>e</strong></span> <span class='ocrx_word' id='word_1_82' title='bbox 928 1270 1066 1312; x_wconf 87' lang='lat' dir='ltr'><strong>regione</strong></span> <span class='ocrx_word' id='word_1_83' title='bbox 1111 1266 1249 1303; x_wconf 81' lang='lat' dir='ltr'><strong>perfide</strong></span> 
     </span>
     <span class='ocr_line' id='line_1_16' title="bbox 124 1325 1251 1370; baseline -0.004 -8"><span class='ocrx_word' id='word_1_84' title='bbox 124 1325 296 1363; x_wconf 86' lang='lat' dir='ltr'><strong>oriundos.</strong></span> <span class='ocrx_word' id='word_1_85' title='bbox 357 1327 402 1361; x_wconf 89' lang='lat' dir='ltr'><strong>Hi</strong></span> <span class='ocrx_word' id='word_1_86' title='bbox 440 1327 526 1360; x_wconf 86' lang='lat' dir='ltr'><strong>enim</strong></span> <span class='ocrx_word' id='word_1_87' title='bbox 556 1326 688 1362; x_wconf 87' lang='lat' dir='ltr'><strong>coelum</strong></span> <span class='ocrx_word' id='word_1_88' title='bbox 705 1353 716 1369; x_wconf 85' lang='lat'>‚</span> <span class='ocrx_word' id='word_1_89' title='bbox 750 1336 918 1370; x_wconf 87' lang='lat' dir='ltr'><strong>totamque</strong></span> <span class='ocrx_word' id='word_1_90' title='bbox 955 1335 1100 1360; x_wconf 87' lang='lat' dir='ltr'><strong>naturam</strong></span> <span class='ocrx_word' id='word_1_91' title='bbox 1125 1326 1251 1359; x_wconf 83' lang='lat' dir='ltr'><strong>Divino</strong></span> 
     </span>
    </p>
   </div>
   <div class='ocr_carea' id='block_1_4' title="bbox 116 1384 1250 1430">
    <p class='ocr_par' dir='ltr' id='par_1_5' title="bbox 116 1384 1250 1430">
     <span class='ocr_line' id='line_1_17' title="bbox 116 1384 1250 1430; baseline -0.005 -10"><span class='ocrx_word' id='word_1_92' title='bbox 116 1387 222 1420; x_wconf 88' lang='lat' dir='ltr'><strong>-cultu</strong></span> <span class='ocrx_word' id='word_1_93' title='bbox 242 1385 438 1430; x_wconf 85' lang='lat' dir='ltr'><strong>prosecuti,</strong></span> <span class='ocrx_word' id='word_1_94' title='bbox 463 1385 559 1419; x_wconf 83' lang='lat' dir='ltr'><strong>Deos</strong></span> <span class='ocrx_word' id='word_1_95' title='bbox 587 1385 731 1419; x_wconf 90' lang='lat' dir='ltr'><strong>nondum</strong></span> <span class='ocrx_word' id='word_1_96' title='bbox 765 1384 873 1417; x_wconf 82' lang='lat' dir='ltr'><strong>statuis</strong></span> <span class='ocrx_word' id='word_1_97' title='bbox 907 1384 1147 1422; x_wconf 81' lang='lat' dir='ltr'><strong>informarunt,</strong></span> <span class='ocrx_word' id='word_1_98' title='bbox 1182 1391 1250 1415; x_wconf 87' lang='lat' dir='ltr'><strong>nec</strong></span> 
     </span>
    </p>
   </div>
   <div class='ocr_carea' id='block_1_5' title="bbox 123 1439 1252 2108">
    <p class='ocr_par' dir='ltr' id='par_1_6' title="bbox 123 1439 1252 2108">
     <span class='ocr_line' id='line_1_18' title="bbox 129 1439 1252 1486; baseline -0.004 -10"><span class='ocrx_word' id='word_1_99' title='bbox 129 1443 252 1486; x_wconf 87' lang='lat' dir='ltr'><strong>templa</strong></span> <span class='ocrx_word' id='word_1_100' title='bbox 274 1443 314 1476; x_wconf 88' lang='lat' dir='ltr'><strong>iis</strong></span> <span class='ocrx_word' id='word_1_101' title='bbox 333 1441 516 1486; x_wconf 88' lang='lat' dir='ltr'><strong>posuerunt</strong></span> <span class='ocrx_word' id='word_1_102' title='bbox 531 1465 542 1481; x_wconf 89' lang='lat'><strong>,</strong></span> <span class='ocrx_word' id='word_1_103' title='bbox 565 1449 678 1483; x_wconf 89' lang='lat' dir='ltr'><strong>neque</strong></span> <span class='ocrx_word' id='word_1_104' title='bbox 701 1451 783 1475; x_wconf 83' lang='lat' dir='ltr'><strong>aras.</strong></span> <span class='ocrx_word' id='word_1_105' title='bbox 830 1440 933 1484; x_wconf 86' lang='lat' dir='ltr'><strong>Quod</strong></span> <span class='ocrx_word' id='word_1_106' title='bbox 956 1439 1170 1483; x_wconf 83' lang='lat' dir='ltr'><strong>polytheismi</strong></span> <span class='ocrx_word' id='word_1_107' title='bbox 1188 1449 1252 1482; x_wconf 82' lang='lat' dir='ltr'><strong>ge-</strong></span> 
     </span>
     <span class='ocr_line' id='line_1_19' title="bbox 123 1493 1251 1541; baseline -0.002 -9"><span class='ocrx_word' id='word_1_108' title='bbox 123 1509 185 1533; x_wconf 90' lang='lat' dir='ltr'><strong>nus</strong></span> <span class='ocrx_word' id='word_1_109' title='bbox 213 1499 428 1534; x_wconf 88' lang='lat' dir='ltr'><strong>Feticismum</strong></span> <span class='ocrx_word' id='word_1_110' title='bbox 452 1498 658 1541; x_wconf 70' lang='lat' dir='ltr'><strong>appeliatum</strong></span> <span class='ocrx_word' id='word_1_111' title='bbox 679 1497 899 1532; x_wconf 77' lang='lat' dir='ltr'><strong>recentiores,</strong></span> <span class='ocrx_word' id='word_1_112' title='bbox 960 1497 1113 1531; x_wconf 80' lang='lat' dir='ltr'><strong>Meiners</strong></span> <span class='ocrx_word' id='word_1_113' title='bbox 1126 1493 1143 1537; x_wconf 67' lang='lat'><strong>‚&#39;</strong></span> <span class='ocrx_word' id='word_1_114' title='bbox 1177 1497 1201 1530; x_wconf 89' lang='lat' dir='ltr'><strong>l.</strong></span> <span class='ocrx_word' id='word_1_115' title='bbox 1225 1496 1251 1530; x_wconf 87' lang='lat' dir='ltr'><strong>l.</strong></span> 
     </span>
     <span class='ocr_line' id='line_1_20' title="bbox 125 1552 1250 1600; baseline -0.002 -12"><span class='ocrx_word' id='word_1_116' title='bbox 125 1565 200 1598; x_wconf 83' lang='lat' dir='ltr'><strong>pag.</strong></span> <span class='ocrx_word' id='word_1_117' title='bbox 227 1557 304 1600; x_wconf 89' lang='lat'>146.</span> <span class='ocrx_word' id='word_1_118' title='bbox 349 1556 526 1598; x_wconf 85' lang='lat' dir='ltr'><strong>Deinceps</strong></span> <span class='ocrx_word' id='word_1_119' title='bbox 551 1564 660 1595; x_wconf 89' lang='lat' dir='ltr'><strong>vero,</strong></span> <span class='ocrx_word' id='word_1_120' title='bbox 682 1564 786 1597; x_wconf 85' lang='lat' dir='ltr'><strong>quum</strong></span> <span class='ocrx_word' id='word_1_121' title='bbox 813 1554 900 1588; x_wconf 87' lang='lat' dir='ltr'><strong>duce</strong></span> <span class='ocrx_word' id='word_1_122' title='bbox 935 1552 1030 1597; x_wconf 85' lang='lat' dir='ltr'><strong>Cyro</strong></span> <span class='ocrx_word' id='word_1_123' title='bbox 1058 1555 1089 1588; x_wconf 88' lang='lat' dir='ltr'><strong>in</strong></span> <span class='ocrx_word' id='word_1_124' title='bbox 1124 1552 1250 1587; x_wconf 82' lang='lat' dir='ltr'><strong>Medo·</strong></span> 
     </span>
     <span class='ocr_line' id='line_1_21' title="bbox 125 1610 1250 1652; baseline -0.003 -6"><span class='ocrx_word' id='word_1_125' title='bbox 125 1621 199 1646; x_wconf 81' lang='lat' dir='ltr'><strong>rum</strong></span> <span class='ocrx_word' id='word_1_126' title='bbox 215 1613 328 1646; x_wconf 87' lang='lat' dir='ltr'><strong>castris</strong></span> <span class='ocrx_word' id='word_1_127' title='bbox 352 1612 503 1652; x_wconf 84' lang='lat' dir='ltr'><strong>militati,</strong></span> <span class='ocrx_word' id='word_1_128' title='bbox 527 1611 693 1645; x_wconf 88' lang='lat' dir='ltr'><strong>sociorum</strong></span> <span class='ocrx_word' id='word_1_129' title='bbox 721 1611 844 1644; x_wconf 87' lang='lat' dir='ltr'><strong>domini</strong></span> <span class='ocrx_word' id='word_1_130' title='bbox 868 1610 1041 1645; x_wconf 74' lang='lat' dir='ltr'><strong>evasissent</strong></span> <span class='ocrx_word' id='word_1_131' title='bbox 1055 1636 1066 1651; x_wconf 93' lang='lat'><strong>,</strong></span> <span class='ocrx_word' id='word_1_132' title='bbox 1089 1620 1152 1645; x_wconf 76' lang='lat' dir='ltr'><strong>una</strong></span> <span class='ocrx_word' id='word_1_133' title='bbox 1171 1620 1250 1644; x_wconf 88' lang='lat' dir='ltr'><strong>cum</strong></span> 
     </span>
     <span class='ocr_line' id='line_1_22' title="bbox 125 1667 1250 1710; baseline 0.001 -10"><span class='ocrx_word' id='word_1_134' title='bbox 125 1667 258 1701; x_wconf 86' lang='lat' dir='ltr'><strong>illorum</strong></span> <span class='ocrx_word' id='word_1_135' title='bbox 285 1667 434 1701; x_wconf 85' lang='lat' dir='ltr'><strong>moribus</strong></span> <span class='ocrx_word' id='word_1_136' title='bbox 464 1677 499 1702; x_wconf 88' lang='lat' dir='ltr'><strong>et</strong></span> <span class='ocrx_word' id='word_1_137' title='bbox 527 1669 621 1702; x_wconf 84' lang='lat' dir='ltr'><strong>cultu</strong></span> <span class='ocrx_word' id='word_1_138' title='bbox 658 1668 860 1710; x_wconf 83' lang='lat' dir='ltr'><strong>religionem</strong></span> <span class='ocrx_word' id='word_1_139' title='bbox 890 1667 1127 1709; x_wconf 86' lang='lat' dir='ltr'><strong>assumserunt,</strong></span> <span class='ocrx_word' id='word_1_140' title='bbox 1162 1677 1250 1710; x_wconf 73' lang='lat' dir='ltr'><strong>qnae</strong></span> 
     </span>
     <span class='ocr_line' id='line_1_23' title="bbox 125 1723 1250 1765; baseline 0.001 -9"><span class='ocrx_word' id='word_1_141' title='bbox 125 1732 144 1756; x_wconf 82' lang='lat' dir='ltr'><strong>a</strong></span> <span class='ocrx_word' id='word_1_142' title='bbox 163 1723 342 1758; x_wconf 84' lang='lat' dir='ltr'><strong>Zoroastre</strong></span> <span class='ocrx_word' id='word_1_143' title='bbox 368 1734 490 1758; x_wconf 87' lang='lat' dir='ltr'><strong>nomen</strong></span> <span class='ocrx_word' id='word_1_144' title='bbox 514 1725 626 1759; x_wconf 86' lang='lat' dir='ltr'><strong>habet.</strong></span> <span class='ocrx_word' id='word_1_145' title='bbox 682 1725 821 1759; x_wconf 88' lang='lat' dir='ltr'><strong>Heeren</strong></span> <span class='ocrx_word' id='word_1_146' title='bbox 836 1749 847 1765; x_wconf 93' lang='lat'><strong>,</strong></span> <span class='ocrx_word' id='word_1_147' title='bbox 885 1725 908 1759; x_wconf 84' lang='grc' dir='ltr'><strong>Ι.</strong></span> <span class='ocrx_word' id='word_1_148' title='bbox 932 1725 955 1758; x_wconf 89' lang='grc'><strong>1.</strong></span> <span class='ocrx_word' id='word_1_149' title='bbox 979 1725 1079 1759; x_wconf 87' lang='lat' dir='ltr'><strong>ITh.</strong></span> <span class='ocrx_word' id='word_1_150' title='bbox 1106 1727 1121 1760; x_wconf 91' lang='lat'>1</span> <span class='ocrx_word' id='word_1_151' title='bbox 1145 1723 1250 1758; x_wconf 75' lang='lat' dir='ltr'><strong>Abth.</strong></span> 
     </span>
     <span class='ocr_line' id='line_1_24' title="bbox 126 1780 1251 1826; baseline -0.001 -11"><span class='ocrx_word' id='word_1_152' title='bbox 126 1790 162 1824; x_wconf 88' lang='lat' dir='ltr'><strong>p.</strong></span> <span class='ocrx_word' id='word_1_153' title='bbox 188 1783 254 1825; x_wconf 85' lang='lat'><strong>483</strong></span> <span class='ocrx_word' id='word_1_154' title='bbox 287 1782 380 1824; x_wconf 88' lang='lat' dir='ltr'><strong>seqq.</strong></span> <span class='ocrx_word' id='word_1_155' title='bbox 450 1781 545 1826; x_wconf 79' lang='lat' dir='ltr'><strong>Quae</strong></span> <span class='ocrx_word' id='word_1_156' title='bbox 575 1780 759 1816; x_wconf 86' lang='lat' dir='ltr'><strong>Medorum</strong></span> <span class='ocrx_word' id='word_1_157' title='bbox 783 1781 904 1823; x_wconf 83' lang='lat' dir='ltr'><strong>religio</strong></span> <span class='ocrx_word' id='word_1_158' title='bbox 936 1791 1013 1815; x_wconf 90' lang='lat' dir='ltr'><strong>cum</strong></span> <span class='ocrx_word' id='word_1_159' title='bbox 1037 1792 1055 1815; x_wconf 85' lang='lat' dir='ltr'><strong>a</strong></span> <span class='ocrx_word' id='word_1_160' title='bbox 1073 1782 1251 1825; x_wconf 81' lang='lat' dir='ltr'><strong>permultis</strong></span> 
     </span>
     <span class='ocr_line' id='line_1_25' title="bbox 127 1836 1249 1880; baseline 0.001 -10"><span class='ocrx_word' id='word_1_161' title='bbox 127 1836 215 1870; x_wconf 85' lang='lat' dir='ltr'><strong>suam</strong></span> <span class='ocrx_word' id='word_1_162' title='bbox 237 1838 399 1880; x_wconf 86' lang='lat' dir='ltr'><strong>originem</strong></span> <span class='ocrx_word' id='word_1_163' title='bbox 428 1838 551 1872; x_wconf 77' lang='lat' dir='ltr'><strong>habere</strong></span> <span class='ocrx_word' id='word_1_164' title='bbox 582 1839 776 1874; x_wconf 89' lang='lat' dir='ltr'><strong>censeretur</strong></span> <span class='ocrx_word' id='word_1_165' title='bbox 799 1848 817 1871; x_wconf 94' lang='lat' dir='ltr'><strong>e</strong></span> <span class='ocrx_word' id='word_1_166' title='bbox 839 1837 945 1872; x_wconf 76' lang='lat' dir='ltr'><strong>Persis</strong></span> <span class='ocrx_word' id='word_1_167' title='bbox 961 1864 972 1879; x_wconf 91' lang='lat'><strong>,</strong></span> <span class='ocrx_word' id='word_1_168' title='bbox 1011 1847 1046 1872; x_wconf 87' lang='lat' dir='ltr'><strong>et</strong></span> <span class='ocrx_word' id='word_1_169' title='bbox 1069 1839 1166 1871; x_wconf 87' lang='lat' dir='ltr'><strong>unius</strong></span> <span class='ocrx_word' id='word_1_170' title='bbox 1182 1837 1249 1871; x_wconf 82' lang='lat' dir='ltr'><strong>Dei</strong></span> 
     </span>
     <span class='ocr_line' id='line_1_26' title="bbox 127 1893 1248 1937; baseline 0 -10"><span class='ocrx_word' id='word_1_171' title='bbox 127 1894 254 1927; x_wconf 88' lang='lat' dir='ltr'><strong>cultum</strong></span> <span class='ocrx_word' id='word_1_172' title='bbox 284 1895 505 1937; x_wconf 79' lang='lat' dir='ltr'><strong>praecipere,</strong></span> <span class='ocrx_word' id='word_1_173' title='bbox 539 1905 577 1928; x_wconf 80' lang='lat' dir='ltr'><strong>ac</strong></span> <span class='ocrx_word' id='word_1_174' title='bbox 605 1893 848 1928; x_wconf 80' lang='lat' dir='ltr'><strong>similitudinem</strong></span> <span class='ocrx_word' id='word_1_175' title='bbox 881 1893 1040 1936; x_wconf 84' lang='lat' dir='ltr'><strong>quandam</strong></span> <span class='ocrx_word' id='word_1_176' title='bbox 1065 1904 1141 1927; x_wconf 85' lang='lat' dir='ltr'><strong>cum</strong></span> <span class='ocrx_word' id='word_1_177' title='bbox 1166 1895 1248 1927; x_wconf 84' lang='lat' dir='ltr'><strong>Mo·</strong></span> 
     </span>
     <span class='ocr_line' id='line_1_27' title="bbox 128 1949 1250 1994; baseline 0.001 -12"><span class='ocrx_word' id='word_1_178' title='bbox 128 1949 209 1983; x_wconf 64' lang='lat' dir='ltr'><strong>stica</strong></span> <span class='ocrx_word' id='word_1_179' title='bbox 237 1959 317 1993; x_wconf 89' lang='lat' dir='ltr'><strong>prae</strong></span> <span class='ocrx_word' id='word_1_180' title='bbox 344 1952 377 1985; x_wconf 90' lang='lat' dir='ltr'><strong>se</strong></span> <span class='ocrx_word' id='word_1_181' title='bbox 402 1952 494 1984; x_wconf 84' lang='lat' dir='ltr'><strong>ferre</strong></span> <span class='ocrx_word' id='word_1_182' title='bbox 515 1950 599 1984; x_wconf 85' lang='lat' dir='ltr'><strong>haud</strong></span> <span class='ocrx_word' id='word_1_183' title='bbox 627 1951 741 1994; x_wconf 84' lang='lat' dir='ltr'><strong>paucis</strong></span> <span class='ocrx_word' id='word_1_184' title='bbox 764 1950 963 1990; x_wconf 82' lang='lat' dir='ltr'><strong>videretur,</strong></span> <span class='ocrx_word' id='word_1_185' title='bbox 1004 1950 1088 1983; x_wconf 87' lang='lat' dir='ltr'><strong>haec</strong></span> <span class='ocrx_word' id='word_1_186' title='bbox 1122 1950 1188 1994; x_wconf 87' lang='lat' dir='ltr'><strong>ipsa</strong></span> <span class='ocrx_word' id='word_1_187' title='bbox 1217 1950 1250 1983; x_wconf 89' lang='lat' dir='ltr'><strong>in</strong></span> 
     </span>
     <span class='ocr_line' id='line_1_28' title="bbox 128 2006 1249 2050; baseline 0.001 -10"><span class='ocrx_word' id='word_1_188' title='bbox 128 2007 221 2041; x_wconf 88' lang='lat' dir='ltr'><strong>causa</strong></span> <span class='ocrx_word' id='word_1_189' title='bbox 257 2007 347 2048; x_wconf 86' lang='lat' dir='ltr'><strong>fuit,</strong></span> <span class='ocrx_word' id='word_1_190' title='bbox 386 2016 447 2040; x_wconf 87' lang='lat' dir='ltr'><strong>cur</strong></span> <span class='ocrx_word' id='word_1_191' title='bbox 475 2015 538 2040; x_wconf 88' lang='lat' dir='ltr'><strong>tam</strong></span> <span class='ocrx_word' id='word_1_192' title='bbox 567 2006 739 2049; x_wconf 85' lang='lat' dir='ltr'><strong>magnifice</strong></span> <span class='ocrx_word' id='word_1_193' title='bbox 769 2008 857 2040; x_wconf 86' lang='lat' dir='ltr'><strong>omni</strong></span> <span class='ocrx_word' id='word_1_194' title='bbox 885 2015 1038 2050; x_wconf 87' lang='lat' dir='ltr'><strong>tempore</strong></span> <span class='ocrx_word' id='word_1_195' title='bbox 1061 2006 1105 2040; x_wconf 89' lang='lat' dir='ltr'><strong>de</strong></span> <span class='ocrx_word' id='word_1_196' title='bbox 1140 2006 1249 2041; x_wconf 77' lang='lat' dir='ltr'><strong>Perfis</strong></span> 
     </span>
     <span class='ocr_line' id='line_1_29' title="bbox 128 2063 1251 2108; baseline 0.001 -10"><span class='ocrx_word' id='word_1_197' title='bbox 128 2063 307 2108; x_wconf 71' lang='lat' dir='ltr'><strong>iudicatum</strong></span> <span class='ocrx_word' id='word_1_198' title='bbox 323 2063 439 2098; x_wconf 88' lang='lat' dir='ltr'><strong>fuerit.</strong></span> <span class='ocrx_word' id='word_1_199' title='bbox 487 2063 551 2097; x_wconf 87' lang='lat' dir='ltr'><strong>Sed</strong></span> <span class='ocrx_word' id='word_1_200' title='bbox 573 2073 660 2097; x_wconf 87' lang='lat' dir='ltr'><strong>vero</strong></span> <span class='ocrx_word' id='word_1_201' title='bbox 682 2065 714 2097; x_wconf 87' lang='lat' dir='ltr'><strong>in</strong></span> <span class='ocrx_word' id='word_1_202' title='bbox 735 2064 942 2098; x_wconf 78' lang='lat' dir='ltr'><strong>Zoroastrica</strong></span> <span class='ocrx_word' id='word_1_203' title='bbox 969 2064 1066 2098; x_wconf 87' lang='lat' dir='ltr'><strong>etiam</strong></span> <span class='ocrx_word' id='word_1_204' title='bbox 1086 2064 1251 2106; x_wconf 83' lang='lat' dir='ltr'><strong>religione</strong></span> 
     </span>
    </p>
   </div>
   <div class='ocr_carea' id='block_1_6' title="bbox 119 2119 1249 2165">
    <p class='ocr_par' dir='ltr' id='par_1_7' title="bbox 119 2119 1249 2165">
     <span class='ocr_line' id='line_1_30' title="bbox 119 2119 1249 2165; baseline 0.002 -12"><span class='ocrx_word' id='word_1_205' title='bbox 119 2119 283 2153; x_wconf 67' lang='lat' dir='ltr'><strong>&#39;laudanda</strong></span> <span class='ocrx_word' id='word_1_206' title='bbox 306 2119 439 2153; x_wconf 87' lang='lat' dir='ltr'><strong>modum</strong></span> <span class='ocrx_word' id='word_1_207' title='bbox 466 2119 645 2153; x_wconf 80' lang='lat' dir='ltr'><strong>excessisse</strong></span> <span class='ocrx_word' id='word_1_208' title='bbox 669 2120 824 2155; x_wconf 86' lang='lat' dir='ltr'><strong>videntur</strong></span> <span class='ocrx_word' id='word_1_209' title='bbox 849 2121 994 2164; x_wconf 83' lang='lat' dir='ltr'><strong>plurimi.</strong></span> <span class='ocrx_word' id='word_1_210' title='bbox 1042 2121 1137 2165; x_wconf 81' lang='lat' dir='ltr'><strong>Quae</strong></span> <span class='ocrx_word' id='word_1_211' title='bbox 1162 2122 1249 2155; x_wconf 88' lang='lat' dir='ltr'><strong>enim</strong></span> 
     </span>
    </p>
   </div>
   <div class='ocr_carea' id='block_1_7' title="bbox 137 2175 1250 2328">
    <p class='ocr_par' dir='ltr' id='par_1_8' title="bbox 137 2175 1250 2328">
     <span class='ocr_line' id='line_1_31' title="bbox 137 2175 1248 2220; baseline 0.002 -11"><span class='ocrx_word' id='word_1_212' title='bbox 137 2177 300 2210; x_wconf 81' lang='lat' dir='ltr'><strong>habentur</strong></span> <span class='ocrx_word' id='word_1_213' title='bbox 333 2176 451 2218; x_wconf 86' lang='lat' dir='ltr'><strong>placita</strong></span> <span class='ocrx_word' id='word_1_214' title='bbox 471 2175 512 2208; x_wconf 90' lang='lat' dir='ltr'><strong>de</strong></span> <span class='ocrx_word' id='word_1_215' title='bbox 542 2175 671 2211; x_wconf 85' lang='lat' dir='ltr'><strong>duobus</strong></span> <span class='ocrx_word' id='word_1_216' title='bbox 706 2178 901 2220; x_wconf 81' lang='lat' dir='ltr'><strong>principiis,</strong></span> <span class='ocrx_word' id='word_1_217' title='bbox 939 2187 1081 2220; x_wconf 87' lang='lat' dir='ltr'><strong>quorum</strong></span> <span class='ocrx_word' id='word_1_218' title='bbox 1108 2178 1248 2212; x_wconf 82' lang='lat' dir='ltr'><strong>alterum</strong></span> 
     </span>
     <span class='ocr_line' id='line_1_32' title="bbox 139 2231 1250 2279; baseline 0.002 -11"><span class='ocrx_word' id='word_1_219' title='bbox 139 2233 261 2268; x_wconf 88' lang='lat' dir='ltr'><strong>bonum</strong></span> <span class='ocrx_word' id='word_1_220' title='bbox 290 2231 509 2276; x_wconf 80' lang='lat' dir='ltr'><strong>perhibetur,</strong></span> <span class='ocrx_word' id='word_1_221' title='bbox 532 2234 671 2269; x_wconf 82' lang='lat' dir='ltr'><strong>alterum</strong></span> <span class='ocrx_word' id='word_1_222' title='bbox 699 2235 839 2277; x_wconf 83' lang='lat' dir='ltr'><strong>malum,</strong></span> <span class='ocrx_word' id='word_1_223' title='bbox 861 2234 942 2269; x_wconf 89' lang='lat' dir='ltr'><strong>boni</strong></span> <span class='ocrx_word' id='word_1_224' title='bbox 968 2244 1081 2270; x_wconf 86' lang='lat' dir='ltr'><strong>autem</strong></span> <span class='ocrx_word' id='word_1_225' title='bbox 1106 2235 1250 2279; x_wconf 73' lang='lat' dir='ltr'><strong>symbola</strong></span> 
     </span>
     <span class='ocr_line' id='line_1_33' title="bbox 1152 2292 1249 2328; baseline 0.041 -4"><span class='ocrx_word' id='word_1_226' title='bbox 1152 2322 1154 2324; x_wconf 82' lang='grc'>.</span> <span class='ocrx_word' id='word_1_227' title='bbox 1178 2292 1249 2328; x_wconf 72' lang='lat' dir='ltr'><strong>sum</strong></span> 
     </span>
    </p>
   </div>
  </div>
 </body>
</html>
