1519 2729
688 142 911 218 (ω’)

214 301 313 354 qnae
378 290 645 354 suseipimus,
673 311 676 314 ·
703 301 933 342 actionibus
990 294 1175 343 continet
1238 298 1332 355 (1).

271 369 315 410 Si
342 369 462 412 hunc
504 371 620 410 finem
667 370 892 425 supremum
939 371 1086 420 tollas,
1131 371 1180 413 ad
1212 384 1361 425 quem.

215 452 355 479 omnes
383 441 564 480 actiones
592 440 801 481 intendere
830 442 974 482 debeat
1008 442 1132 483 homo
1149 473 1162 491 ‚
1207 453 1333 482 totam

213 501 467 563 disciplinztni
511 501 705 550 moralem
734 511 938 552 sustuleris
968 509 1062 565 (2).
1134 511 1333 552 Actiones

209 580 316 619 enim
345 580 462 620 unice
486 573 568 619 ‘dici
588 580 764 632 possunt
799 581 921 631 illae,
967 593 1069 635 quae
1110 593 1161 624 ex
1199 578 1359 622 libero.

210 649 379 689 arbitrio
405 649 749 701 proficiscuntttr3
781 664 871 692 nam
900 652 970 704 qui
998 653 1188 705 cogitur,
1233 662 1336 705 age-

210 730 260 757 re
289 718 368 759 dici
398 729 480 758 non
509 729 675 772 potest2,
707 708 855 776 sponse
884 722 989 761 enim
1018 732 1148 774 agere
1175 721 1208 760 is
1249 731 1333 760 tan-

215 794 299 826 tum
330 787 410 829 dici
440 799 600 841 potest,
629 791 697 841 qui
728 792 900 832 actionis
932 790 1086 831 causam
1103 790 1333 843 primariam

208 858 251 897 iu
279 857 318 897 se
345 857 428 910 ipse
458 858 592 899 habet.
638 858 746 901 Cum
764 874 863 901 vero
893 860 1101 914 objectum
1126 859 1245 901 liberi
1273 871 1333 899 ar-

210 927 321 966 bitrii
343 927 432 968 finis
457 929 503 968 fit
520 959 532 977 ‚
566 929 680 985 cujus
712 931 1074 984 repraesentatione
1098 929 1199 970 illud
1229 929 1336 970 arbi-
1370 982 1378 987 „

210 997 329 1036 trium
347 997 396 1036 ad
419 998 617 1052 agendum
647 1000 962 1049 determinatur,
995 1001 1048 1039 ita
1078 1012 1122 1040 ut
1149 999 1218 1040 ille
1246 999 1336 1039 finis

209 1079 527 1119 promoveatur,
574 1068 780 1122 sequitur,
832 1073 911 1113 fine
951 1069 1020 1110 tali
1049 1070 1126 1110 fine
1155 1070 1336 1110 actiones

211 1147 368 1177 nostras
399 1138 566 1192 objecto
587 1140 821 1182 ‘destitutum
860 1141 908 1181 iri
948 1151 989 1180 et
1016 1152 1134 1194 vagas
1173 1138 1262 1179 fore
1287 1150 1335 1179 ac

211 1205 539 1250 indeterminatas
572 1209 667 1265 (3).

268 1274 502 1318 Istiusmodi
531 1279 620 1320 fiuis
645 1282 669 1322 fi
688 1281 831 1330 datur,
863 1282 900 1321 ei
928 1280 1169 1328 conveniat,
1197 1290 1336 1332 quam-

211 1357 389 1397 cumque
419 1347 546 1390 homo
566 1350 769 1401 instituat,
798 1351 940 1405 agendi
957 1352 1060 1391 ratio
1077 1382 1089 1400 ‚
1120 1361 1164 1391 ut
1180 1350 1232 1390 sic
1248 1349 1338 1389 sco-

213 1427 290 1468 pus
308 1416 373 1456 seu
401 1416 492 1458 finis
507 1420 740 1474 attingatur.
772 1421 816 1462 Si
833 1422 958 1476 igitur
971 1423 1011 1461 in
1028 1422 1107 1461 fine
1122 1419 1211 1474 ipso
1233 1420 1338 1459 inest

1272 1487 1337 1530 Of-
1392 1540 1403 1549 ..

257 1620 322 1666 (ι)
348 1622 492 1665 Kaut‚
519 1625 604 1659 ΕἰΙνΙ.
626 1637 658 1659 z.
681 1622 830 1668 ngeudl.
852 1636 886 1669 p.
914 1636 961 1670 7,
986 1627 1019 1662 8·

211 1676 320 1721 (2)
346 1678 395 1714 Id.
424 1679 502 1715 ibid.
530 1693 563 1725 p.
591 1692 643 1716 12.

253 1732 320 1779 (3)
343 1736 450 1779 Vagae
494 1740 600 1772 esseut
635 1748 673 1772 ac
706 1738 973 1772 indeterminatae
1013 1738 1052 1772 ad
1088 1738 1211 1772 bonum
1241 1748 1337 1782 pera-

210 1790 381 1833 gordum,
421 1791 443 1826 st
486 1795 590 1828 virtus
629 1804 750 1829 tautum
788 1795 854 1828 dici
881 1797 992 1839 posset
1014 1796 1060 1829 sui
1084 1795 1178 1839 ipsius
1206 1796 1338 1829 coactio

211 1845 458 1893 Uelbstzwang)
474 1861 483 1883 :
511 1851 605 1884 unius
622 1852 706 1884 enim
721 1850 858 1885 affectus
875 1852 943 1893 vis,
967 1853 1100 1885 alterius
1111 1853 1145 1885 vi
1164 1855 1335 1896 pos-sette-

208 1904 330 1945 primi,
356 1914 390 1938 et
417 1907 474 1939 vel
509 1907 552 1941 sie
579 1917 683 1941 tamen
711 1908 848 1951 pessime
868 1917 982 1951 ageret
1009 1910 1131 1950 homo,
1159 1919 1234 1944 cum
1255 1908 1335 1945 illud

208 1960 343 2002 vitium,
367 1965 583 2005 quomaxime
595 1966 816 2005 cernebatur,
841 1966 871 1998 in
897 1976 940 1999 eo
953 1967 1171 2009 praevaleret.
1217 1966 1332 2000 Recte

206 2015 316 2058 itaque
337 2017 496 2059 judicavit
525 2021 553 2054 K
569 2031 619 2054 an
636 2030 648 2054 t
664 2022 673 2054 i
687 2032 735 2054 us
750 2047 761 2062 ,
793 2022 879 2056 Einl.
902 2034 936 2055 z.
956 2023 1131 2068 Tugemll.§
1150 2024 1206 2056 IX.
1219 2033 1253 2065 p.
1277 2023 1332 2056 28.

206 2096 229 2114 „
254 2074 382 2114 Tugend
402 2078 442 2109 ist
470 2076 619 2110 auch-ein
638 2077 761 2122 Zwang
787 2078 869 2113 nach
887 2081 987 2113 civem
1010 2081 1140 2123 l'rincip
1157 2078 1216 2111 der
1241 2080 1328 2110 imte-

203 2139 261 2160 να·
303 2129 445 2171 [ἦῃὺείῑ
460 2155 471 2170 ‚
504 2132 622 2166 mits'zcn
659 2134 759 2168 durch
791 2136 843 2168 die
879 2135 970 2178 blosse
1009 2134 1200 2178 l‘blstc’lllfflg
1224 2131 1331 2175 [ἄηθ’

201 2184 338 2228 Psticht,
360 2187 441 2222 nach
466 2189 526 2222 den
540 2188 702 2232 jbrmalen
724 2190 837 2232 Gesetz
853 2191 1037 2235 desselben.''
