1519 2729
545 191 766 247 (89)

94 332 145 372 rit
174 327 268 383 (a).
329 328 445 385 Quae
473 330 635 383 quidem
665 330 799 371 omnia
821 328 941 370 nobis
967 324 1206 370 confirmare

94 400 306 448 videntur,
362 400 474 453 quod
516 400 629 453 saepe
679 400 935 449 monuimus,
989 396 1206 456 *Hebraeos

93 482 175 510 non
219 481 300 510 uno
339 471 532 523 temporis
560 469 801 518 intervallo,
847 468 913 509 sed
941 479 1012 521 per
1040 466 1206 520 longam

92 552 285 580 annorum
321 540 459 580 seriem
510 554 531 580 a
575 541 728 581 summo
770 538 1025 579 idololatriae
1074 536 1205 576 studio

93 611 219 664 magis
260 612 466 664 magisque
507 611 556 651 ad
592 610 981 651 vehementisfimum
1025 605 1206 661 ejusdem

91 679 317 732 pervenisse
346 680 482 721 odium
521 678 612 734 (b).
685 679 812 735 Quod
841 690 885 719 ut
927 676 1083 718 tandem
1119 675 1207 729 pla-

90 761 141 789 ne
172 748 540 800 consummaretur,
581 750 800 791 effecerunt
841 748 918 789 alia
948 746 1140 802 quaedam
1163 746 1205 785 in

90 830 232 858 nostro
273 831 508 874 argumento
539 822 700 861 minime
738 819 991 876 negligenda.

146 887 324 928 Primum
349 891 483 942 itaque
514 891 592 932 huc
624 892 664 931 in
690 891 851 931 censum
880 892 1011 931 veniat
1037 889 1173 930 odium
1191 917 1205 938 ‚

90 957 200 1010 quod
228 958 494 999 Samaritanos
523 961 625 1000 inter
649 971 689 1000 et
701 959 875 1014 Judaeos
890 959 1065 1007 exstitit,
1095 968 1207 998 acer-

89 1028 234 1067 timum
265 1025 353 1079 (c).
416 1027 648 1069 Samaritani
675 1031 813 1076 enim,
859 1031 936 1071 five
973 1027 1203 1076 Israelitae,

88 1108 110 1135 e
139 1096 279 1137 decem
309 1097 494 1138 tribubus
524 1099 563 1138 in
592 1094 759 1153 regione
790 1097 1043 1152 superstites,
1089 1097 1207 1137 novi-

87 1178 166 1219 que
196 1167 244 1205 iis
270 1166 438 1208 admixti
464 1179 505 1207 et
532 1180 582 1208 ex
611 1168 773 1221 Assyria
800 1170 903 1210 misfi
928 1168 1068 1210 coloni
1100 1164 1205 1220 (cl),

85 1236 129 1276 in
168 1235 324 1289 templo
351 1237 588 1278 exstruendo
616 1250 873 1278 communem
917 1251 1010 1279 cum
1045 1236 1207 1292 Judaeis

86 1316 172 1346 rem
218 1317 335 1360 agere
379 1307 616 1357 volueruntg
661 1321 683 1349 a
711 1309 860 1361 quibus
889 1320 981 1347 cum
1008 1305 1206 1360 repulsam

85 1374 263 1425 ferrent,
294 1376 378 1416 al'to
406 1376 622 1428 supercilio
653 1378 694 1417 in
730 1379 843 1418 istam
867 1378 1047 1431 gentium
1076 1374 1207 1416 collu-

88 1446 194 1485 viem
224 1446 564 1499 despicientibus,
609 1460 706 1489 mox
740 1460 980 1500 quacunque
1009 1456 1209 1499 opportu-

88 1515 210 1555 nitate
241 1529 343 1568 opus
367 1515 690 1559 molestisfimum
718 1518 940 1571 impedire,
972 1531 1018 1558 ac
1050 1516 1209 1557 tandem

89 1584 208 1638 plane
238 1587 526 1640 interrumpere
556 1599 756 1629 tentarunt
782 1587 870 1642 (e).
940 1588 1039 1642 Quo
1080 1588 1207 1642 magis

89 1666 188 1694 vero
229 1668 251 1694 a
289 1657 517 1708 perdifficili
559 1657 700 1699 labore
742 1660 1015 1700 avocabantur
1037 1658 1208 1712 Judaei,

88 1737 142 1766 eo
187 1726 337 1780 maj0re
380 1729 501 1768 etiam
547 1729 634 1784 ejus
679 1730 1026 1772 inflammabantur
1065 1730 1209 1771 studio.

1101 1798 1203 1854 Quo

135 1933 198 1981 (a)
224 1937 309 1971 Ezra
339 1939 385 1974 IX
408 1949 442 1974 et
463 1941 493 1975 X
509 1965 519 1981 ‚
556 1941 702 1977 Nehem.
727 1942 821 1977 XIII:
845 1950 887 1984 23
908 1961 922 1967 -
935 1949 997 1984 30,
1033 1939 1112 1973 coll.
1133 1937 1208 1972 Ma·

61 1988 65 1991 ’
89 1990 166 2027 lach.
200 1995 243 2029 11:
271 2006 309 2029 10
326 2017 339 2022 -
357 2007 408 2040 14.

134 2047 197 2094 (b)
221 2052 320 2087 Conf.
353 2054 449 2087 etiam
478 2055 682 2099 Niemeyer‚
707 2056 728 2090 Ι.
752 2057 774 2091 l.
797 2055 861 2089 Th.
885 2055 926 2089 V.
954 2065 987 2098 p.
1011 2064 1084 2100 120.

133 2104 191 2150 (ο)
215 2108 316 2144 Conf.
340 2111 546 2154 Niemeyer,
571 2114 593 2148 1.
613 2114 635 2149 1.
665 2112 729 2148 Th.
753 2113 796 2147 V.
823 2123 857 2157 p.
881 2113 953 2155 189.

135 2161 198 2206 (d)
225 2177 242 2200 2
268 2165 358 2208 Reg.
383 2169 486 2204 XVII:
510 2179 566 2214 24.

133 2217 190 2262 (e)
209 2221 301 2267 ἕλη
323 2224 380 2258 1v.
