1519 2729
770 162 1013 230 (52)

348 305 434 363 Qui
461 318 559 350 vero
595 309 645 350 ad
671 321 838 364 regnum
865 310 1158 358 Israeliticum,
1203 310 1280 351 ssve
1318 308 1458 349 decem

348 378 525 418 tribuum
567 380 844 432 pertinentes,
887 380 936 420 ab
978 379 1154 431 Assyriis
1191 380 1233 419 in
1272 378 1456 418 exsilium

345 447 509 489 abducti
544 447 659 499 sunt,
701 449 848 490 horum
883 448 999 490 multi
1025 449 1105 503 jam
1148 458 1239 487 ante
1274 445 1455 488 exsilium

351 514 593 569 judaeorum
641 516 939 569 Babylonicum
987 518 1037 559 ad
1082 516 1291 558 meliorem
1347 526 1458 556 men-

353 596 432 626 tem
463 586 624 627 rediiSse
652 587 851 628 videntur.

402 654 520 710 Quae
563 669 655 696 cum
695 658 749 697 ita
792 658 890 706 fint,
930 669 1102 711 cumque
1133 668 1216 697 non
1244 657 1285 695 in
1311 653 1452 695 exfilio

346 726 521 778 primum
552 737 618 766 aut
645 739 741 778 post
784 727 957 768 reditum
988 726 1148 766 demum
1203 727 1244 766 in
1284 726 1453 784 patriam

343 806 442 834 vero
472 793 552 835 Dei
583 794 739 844 cultui,
784 795 931 837 relicto
960 795 1264 848 polytheismo,
1318 792 1356 833 se
1385 792 1452 832 de-

345 863 475 904 derint
514 863 743 914 Israelitae,
789 865 872 919 ipsa
911 863 1294 906 luculenteridocet
1328 862 1458 902 histo-

339 933 427 977 ria:
459 934 592 973 causas
622 934 754 976 relicti
781 935 1046 988 polytheismi
1086 946 1168 974 non
1198 933 1239 973 in
1267 931 1356 972 solo
1387 943 1456 971 ex-

334 1000 435 1043 rfilio
476 1002 731 1055 Babylonico
762 1004 847 1044 esse
881 1004 1153 1058 quaerendas,
1200 1002 1267 1045 sed
1295 1013 1335 1042 et
1364 993 1479 1041 ante*

339 1069 493 1120 illud3.
518 1085 599 1113 non
632 1075 671 1113 in
708 1073 914 1115 Persarum
944 1074 1172 1129 religione,
1204 1073 1271 1114 sed
1306 1074 1347 1113 in
1371 1071 1455 1124 ipsa

337 1140 587 1182 institutione
622 1142 902 1187 Hebraeorum
931 1145 1126 1198 prisrina:,
1171 1156 1253 1183 non
1288 1143 1329 1182 in
1357 1154 1454 1195 qua-

339 1223 500 1264 cunque
528 1223 692 1253 externa
721 1215 1054 1267 opportunitate,
1100 1212 1166 1253 sed
1199 1214 1238 1252 in
1269 1211 1354 1265 ipsa
1394 1213 1454 1252 in-

339 1280 434 1321 dole
464 1283 622 1335 gentis,
655 1295 883 1337 temporum
907 1283 1073 1324 decursu
1090 1281 1283 1334 explicita
1296 1281 1455 1321 etadid
1498 1281 1519 1300 “·

336 1351 465 1405 magis
489 1353 696 1405 magisque
711 1354 978 1395 conformata.
1038 1352 1128 1406 Age
1154 1352 1307 1406 igitur,
1341 1350 1454 1404 quod
1510 1382 1513 1387 .

337 1432 453 1460 antea
480 1422 520 1461 in
548 1423 799 1475 exponendis
826 1422 1079 1465 idololatriae
1110 1421 1233 1462 causis
1265 1423 1450 1475 egium,

336 1490 380 1530 id
402 1502 507 1532 nunc
539 1491 673 1534 denuo
706 1494 746 1533 in
776 1494 980 1534 contrario
1006 1491 1184 1545 Jehovae
1213 1490 1325 1532 cultu
1360 1502 1452 1545 aga-

341 1572 456 1600 mus:
498 1561 622 1614 ipsam
666 1563 924 1604 consulamus
961 1562 1138 1603 indolem
1172 1559 1452 1601 Hebraeorum
1506 1553 1510 1581 ἶ

338 1642 562 1684 eorumque
589 1632 879 1674 institutionem
907 1644 1114 1686 totamque
1143 1631 1375 1679 historiam,
1407 1641 1451 1670 uc
1487 1667 1491 1672 .

335 1700 571 1751 videamus,
603 1698 813 1754 quomodo
844 1702 982 1744 senfim
1012 1702 1061 1741 ab
1091 1700 1324 1741 idololatria
1351 1712 1448 1740 avo-

336 1771 418 1811 cati
435 1770 534 1819 fint,
565 1784 611 1812 ac
639 1771 797 1812 tandem
820 1771 870 1811 ab
898 1784 944 1811 ea
966 1773 1126 1824 penitus
1149 1769 1448 1811 abhorruerint.
1495 1821 1499 1826 ι

337 1839 399 1880 Ita
443 1840 603 1881 demum
641 1842 825 1894 patebit,
870 1841 976 1882 unde
1019 1840 1089 1882 illa
1125 1839 1321 1881 exstiterit
1354 1850 1450 1893 post
1477 1850 1492 1864 '-

335 1909 518 1950 exsilium
540 1910 839 1963 Babylonicum
868 1911 988 1964 plane
1018 1921 1264 1952 commutata
1283 1908 1449 1964 religio-

336 1979 398 2018 nis
427 1981 561 2030 ratiot,
604 1982 761 2034 patebit
790 1993 889 2025 vero
924 1981 1066 2030 fimul,
1112 1978 1323 2034 quomodo
1364 1978 1448 2020 fac-

336 2058 448 2096 tum,
492 2059 536 2089 ut
576 2049 657 2103 jam
694 2061 784 2090 ante
826 2050 929 2092 illud
968 2050 1148 2092 exfilium
1179 2051 1280 2090 hanc
1321 2049 1448 2103 ipsam
1485 2066 1487 2069 ·

334 2119 606 2169 posteriorum
652 2130 878 2172 temporum
914 2122 1108 2161 rationem
1138 2119 1348 2160 meliorem
1387 2117 1448 2158 se·
1472 2135 1481 2142 ’

336 2188 449 2237 cuti,
480 2187 680 2230 interdum
711 2202 732 2229 a
758 2188 1042 2243 polytheisino
1070 2188 1219 2231 fuerint
1240 2188 1375 2230 alieni.
1466 2212 1467 2216 =
