1519 2729
723 176 971 234 (272)

269 329 357 359 noni
379 315 574 370 impedire
594 314 766 356 vidimus
782 346 795 365 ‚
827 329 910 369 quo
938 317 1066 356 minus
1094 315 1302 356 hominum
1326 328 1395 357 ac—

267 389 423 435 tiones,
455 399 555 440 quae
575 398 626 428 ex
653 386 830 439 ipsorum
854 386 1138 439 jurispotentia
1163 385 1393 438 profluunt,

259 470 386 510 aeque
412 471 458 499 ac
475 457 639 510 quaevis
656 455 780 503 aliae,
809 468 909 508 quae
945 469 994 496 ex
1023 456 1202 509 potentia
1229 455 1394 508 physica

261 528 613 582 proficiscuntur,
643 524 793 565 summa
819 525 910 579 lege
938 524 1082 566 morali
1112 535 1313 579 regantur.

319 596 453 652 Quod*
487 598 610 651 igitur
650 595 699 635 ad
741 595 842 634 hanc
872 596 1119 647 quaestionis
1151 605 1307 648 partem
1332 605 1394 635 re-

262 666 555 720 spondeamus,
624 661 725 703 nihil
795 662 1008 716 superese3
1067 664 1393 716 quandoquidem

260 738 366 776 enim
395 736 497 776 hanc
535 734 766 774 divifionem
798 733 1135 785 reprobavimuS‚
1165 733 1287 786 ipfius
1315 734 1393 773 uti-

262 804 412 847 litatem
444 804 660 845 certisfime
692 813 913 855 agnoscere
941 815 1024 843 non
1053 802 1293 856 possumus:‚
1325 802 1394 843 ad-

262 874 354 916 suntv
392 874 526 920 enim,-
570 880 712 915 nostro
754 872 915 924 quidem
942 873 1131 926 judicio,
1173 872 1249 913 alia
1274 885 1394 927 argu,-

261 956 392 986 menta
407 974 428 993 ‚.
451 942 597 997 quibus
627 941 799 990 melius,
845 954 952 983 certa
994 944 1149 983 ratione
1189 953 1231 981 et
1267 943 1407 996 magis.

261 1028 311 1056 cx
354 1016 409 1055 rei
447 1015 625 1054 veritate·
659 1012 850 1052 efficiatur
892 1012 960 1060 id,
1011 1011 1122 1063 quod
1172 1012 1407 1052 anteriores

259 1084 497 1138 philosophi
527 1082 614 1122 fieri
638 1081 862 1122 statuebant
885 1093 958 1134 per
985 1081 1219 1122 divisionem
1241 1083 1393 1123 officio-

258 1167 347 1196 rum
376 1156 414 1194 in
445 1153 625 1206 perfecta
653 1162 693 1191 et
725 1150 977 1203 imperfecta.

318 1224 523 1264 Sententia
563 1234 660 1262 vero
697 1219 795 1269 illa,
836 1233 955 1272 quam
997 1221 1045 1261 de
1098 1222 1172 1263 hac
1200 1221 1393 1262 divifione

260 1292 529 1348 monimum,
561 1303 644 1331 non
681 1289 879 1342 impedit,
913 1304 996 1344 quo
1035 1293 1177 1333 minusz
1198 1292 1394 1332 historice

261 1364 309 1404 de
325 1376 368 1403 re
397 1363 643 1414 inquirentes
660 1390 672 1410 ‚
704 1360 1022 1419 investigemus..
1051 1361 1210 1414 qualem
1238 1359 1391 1401 utilita-

260 1444 339 1473 tem
369 1431 437 1472 illa
466 1431 608 1471 diviso
634 1441 749 1470 antea
778 1430 998 1471 contulerit
1023 1431 1073 1471 ad
1099 1429 1269 1472 studium
1312 1429 1392 1470 dis-

261 1501 501 1565 ciplinarum
531 1499 758 1540 moralium.

282 1570 685 1611 ·Animadvertimus
701 1568 832 1614 enim,
857 1566 922 1607 ab
933 1580 985 1607 eo
1004 1567 1162 1608 demum
1181 1580 1364 1622 tempore
1378 1598 1393 1618 ‚

266 1653 349 1694 quo
380 1639 553 1679 summus
585 1638 756 1679 Grot
746 1650 758 1677 1
775 1649 799 1676 u
818 1648 834 1675 s
866 1636 936 1676 fibi
975 1636 1163 1690 aequales
1190 1648 1230 1678 et
1256 1649 1393 1691 poste÷

262 1723 332 1752 ros
369 1710 531 1763 egregie
560 1707 747 1755 docuit,
790 1705 866 1746 alia
896 1718 984 1758 -per
1033 1707 1113 1747 vim
1157 1709 1394 1761 extorqueri

262 1780 409 1834 posse,
453 1778 528 1819 alia
566 1790 663 1818 vero
691 1777 886 1830 cuiusque
918 1776 1188 1831 conscientiae
1216 1777 1302 1818 esse
1331 1789 1392 1818 re—

264 1849 481 1902 linquenda
496 1846 712 1893 ‚morales
746 1844 978 1898 disciplinas
995 1858 1148 1900 ,apost
1170 1858 1327 1889 ,renatas
1353 1849 1392 1887 in
1452 1864 1456 1870 ’

265 1918 432 1971 Europa
453 1918 612 1963 literas,
636 1928 750 1958 recte
781 1915 864 1956 col-i
893 1916 1102 1968 incepisse.
1164 1916 1257 1960 'Hac
1286 1918 1392 1957 enim

265 1992 418 2029 ratione
450 1991 487 2028 in
504 1987 710 2027 ‘summum
739 1987 895 2040 generis
919 1985 1082 2026 humani
1103 1986 1391 2036 commodum,

262 2058 412 2112 justum
453 2058 503 2097 ab
540 2058 716 2097 honesto
759 2067 798 2096 et
838 2056 1008 2098 omnino
1043 2057 1162 2097 etiam
1188 2067 1210 2096 a
1239 2056 1391 2100 decoro

267 2127 496 2179 diligentius
536 2126 613 2166 suit
653 2126 900 2178 separatum,
945 2125 1050 2166 unde
1089 2137 1206 2177 quam
1239 2125 1391 2179 egregii

268 2196 430 2250 quidem
459 2195 615 2237 fructus
645 2196 694 2236 in
727 2194 845 2251 <Leges
878 2193 1030 2237 civiles
1065 2193 1318 2243 condendas,
1350 2194 1392 2232 in

1333 2275 1391 2304 ci·
