1519 2729
729 192 976 248 (102)

292 329 513 384 perstitiose
542 331 783 381 coluerunt,
825 333 880 373 ita
908 344 952 373 ut
981 345 1002 372 a
1030 342 1267 385 quacunque
1301 341 1401 384 ope·

291 403 344 441 ris
374 402 504 455 specie
533 402 596 442 vel
626 402 820 443 levissima
858 403 1098 443 abstinerent
1128 398 1239 455 (a),
1283 411 1324 441 et
1360 402 1402 440 in

292 470 411 511 bellis
431 485 481 511 ne
512 470 724 511 defendere
751 472 913 524 quidem
941 473 1019 513 sese
1034 471 1252 520 auderent,
1282 481 1404 522 atque

294 542 430 582 occidi
455 541 644 589 mallent,
676 552 794 594 quam
823 541 896 583 illo
923 540 985 583 die
1014 555 1120 583 arma
1147 553 1291 594 capere
1309 537 1403 593 (h).

293 611 409 665 Quae
451 600 576 665 porro
622 613 660 651 in
703 611 842 652 exfilio
882 613 963 666 jam
994 625 1069 665 pro
1094 611 1261 652 arbitrio
1297 609 1405 650 insti-

293 689 448 720 tuerant
472 682 622 735 jejunia
639 712 650 730 ‚
695 683 876 735 quamvis
903 694 947 721 ea
976 681 1233 722 vehementer
1252 681 1406 732 impro-

291 747 403 790 baret
471 741 685 792 Zacharias
748 750 947 804 propheta
1005 748 1103 803 (c),
1161 750 1408 789 retinuerunt

292 830 434 859 tamen>
453 832 492 860 et
519 821 634 874 plura
660 823 776 862 etiam
805 821 1040 861 addiderunt
1074 818 1272 859 Pharisaei
1311 815 1406 872 (d).

290 887 484 930 Decimas
514 892 611 932 item
639 892 774 944 plures
798 891 977 945 Jehovae
993 889 1226 942 obtulerunt
1243 919 1255 937 ‚
1287 900 1409 942 quam

294 974 391 1013 quas
431 962 736 1017 praescripserat
769 962 834 1003 lex
873 957 1176 1013 Mosaicat<e>
1259 956 1409 1012 Quid?

294 1031 404 1082 quod
421 1028 638 1084 templum,
671 1032 811 1072 urbem
841 1029 1167 1082 Hierosolymam
1201 1026 1314 1084 (f),
1346 1029 1409 1080 ip-

224 1132 228 1138 .
293 1099 453 1153 samque
485 1112 627 1142 terram
652 1102 890 1154 promissam
919 1099 998 1154 (g)
1026 1100 1265 1140 sanctisfime
1293 1097 1407 1138 cole-

294 1170 419 1219 bant,
464 1181 505 1211 et
532 1183 796 1225 quaecunque
825 1170 874 1210 ad
913 1169 1067 1210 cultum
1098 1169 1250 1209 sacrum
1285 1168 1408 1221 perti-

295 1252 462 1290 nerent,
493 1253 543 1279 ne
573 1242 747 1281 minimiS
775 1240 936 1294 quidem
967 1240 1175 1292 exceptis,
1222 1248 1409 1291 tanquam

295 1322 399 1349 nova
428 1310 561 1348 ἔιδωλα,
598 1305 869 1363 superstitioso
898 1310 1011 1352 cultu
1051 1307 1410 1362 prosequebantur.

295 1380 431 1432 Atque
471 1382 609 1421 mansit
649 1390 858 1433 tantopere
902 1381 1012 1420 omni
1058 1391 1159 1420 aevo
1199 1378 1411 1431 proprium

295 1448 423 1489 indoli
450 1448 658 1490 Hebraeae
680 1463 812 1491 rerum
847 1461 1096 1490 externarum
1123 1447 1292 1488 studium
1309 1477 1322 1495 .,
1366 1456 1411 1486 ut

297 1519 378 1559 hoc
421 1520 485 1559 vel
527 1522 789 1574 praecipuum
829 1519 995 1560 evaserit
1030 1520 1070 1558 in
1095 1518 1289 1572 Johannis
1311 1516 1411 1570 bap-

297 1589 411 1628 tistae
437 1601 478 1629 et
503 1589 596 1643 Jesu
614 1592 741 1644 'atque
769 1589 1067 1644 Apostolorum
1097 1588 1203 1642 apud
1236 1586 1411 1641 Judaeos

1243 1666 1245 1668 ·
1312 1657 1411 1698 doc-

344 1755 407 1802 (a)
432 1758 554 1794 Matth.
578 1760 654 1795 XII:
682 1770 694 1794 1
714 1784 726 1802 ‚
749 1771 782 1795 2.
804 1759 913 1794 Marc.
937 1760 996 1794 III:
1025 1771 1056 1795 2.
1082 1759 1174 1805 Joan.
1203 1759 1244 1792 V:
1272 1769 1327 1800 10,
1353 1758 1412 1791 IX:

299 1826 340 1859 14
355 1837 367 1842 -
386 1817 446 1857 16,
470 1817 557 1850 alibi.
1260 1816 1263 1818 ’

341 1870 403 1916 (b)
427 1884 445 1906 2
477 1875 588 1908 Maec.
605 1875 645 1908 V:
669 1882 731 1916 25,
755 1874 810 1907 26.
841 1883 854 1906 1
888 1873 1000 1907 Maec.
1029 1873 1073 1906 II:
1103 1882 1140 1915 31
1160 1883 1242 1916 -41.

339 1927 396 1971 (ε)
420 1930 518 1964 Zach.
547 1931 622 1965 VII:
646 1941 665 1974 3
686 1951 699 1957 -
715 1934 732 1967 8
749 1956 760 1972 ‚
792 1932 882 1965 VIII:
914 1940 966 1974 19.
1001 1930 1102 1966 Conf.
1127 1931 1179 1965 Cl.
1209 1940 1243 1963 V.
1267 1928 1300 1962 d.
1319 1928 1406 1962 Palm

235 2020 240 2025 ,
291 1984 331 2017 ad
353 1985 386 2019 h.
406 1986 430 2019 1.

340 2041 401 2085 (cl)
428 2043 511 2077 Luc.
535 2044 658 2077 XVIII:
684 2054 736 2078 ια.

340 2097 397 2142 (c)
423 2099 542 2133 Matth.
567 2101 690 2136 XXIII:
713 2110 768 2142 23.

343 2153 411 2197 (s)
438 2156 536 2189 Couf.
557 2158 608 2191 CI.
641 2158 761 2190 Parc-au
778 2182 788 2196 ‚
812 2159 925 2200 Antiq.
954 2158 1060 2192 Hebr.
1084 2167 1118 2199 p.
1142 2158 1197 2199 67.

303 2233 308 2237 -
345 2209 405 2254 (ἐν)
430 2213 530 2246 Conf.
557 2214 676 2246 Pareat]
693 2238 704 2255 ‚
728 2216 749 2248 Ι.
773 2215 794 2248 l.
822 2227 855 2259 p.
881 2225 938 2258 47.
1004 2217 1006 2219 ’

538 2294 556 2315 l
