1519 2729
716 181 966 238 (108)

284 314 361 358 bus
426 319 772 374 conjungebantur
835 319 1110 362 Hebraeorum
1171 318 1391 374 principes,

282 384 458 428 Scissum
483 402 607 442 porro
635 388 909 431 Hebraeorum
941 394 1227 446 1·egnum²'cum
1265 389 1389 429 multa

278 455 320 498 in
352 469 476 512 regno
502 459 670 512 Judaico
704 471 744 500 et
765 459 989 500 Israelitico
1028 459 1248 500 concitavit
1278 457 1388 498 disfi-

277 524 367 574 dia‚
400 538 482 567 turn
510 539 746 580 perpetuum
771 530 926 583 peperit
943 529 1141 570 sacrorum
1157 528 1385 569 discrimen.

278 592 337 635 Et
361 609 459 637 vero
496 598 607 650 quod
634 599 740 652 apud
768 598 977 640 Hebraeos
1005 601 1173 640 maxime
1201 611 1251 638 eo
1287 608 1387 637 tem-

275 676 381 717 pore
401 668 529 721 viguit
557 678 798 708 mercaturae
824 668 1014 717 studium,
1044 669 1103 708 uti
1133 667 1241 721 larga
1268 677 1385 707 manu

275 734 437 775 divitias
461 738 564 776 inter
585 737 783 789 populum
815 737 1107 786 distribuebat,
1138 750 1184 777 ac
1214 736 1385 776 luxuriei

273 804 463 853 favebat,
509 819 586 858 qua
620 819 756 857 mores
797 805 1052 846 redderentur
1080 804 1386 855 dissolutiores,

272 871 329 914 ita
368 873 510 926 sponte
551 873 759 916 Hebraeos
800 874 1004 916 alliciebat
1046 875 1096 916 ad
1137 874 1244 916 sacra
1278 874 1384 915 cele-

274 941 423 987 branda
453 944 701 986 Phoenicum
725 956 1052 998 caeterarumque
1089 947 1268 999 gentium
1313 956 1384 998 pe-

270 1016 531 1068 regrinarum.
622 1014 700 1055 Sed
738 1028 835 1056 vero
879 1017 989 1070 quod
1037 1017 1252 1056 maximum
1295 1026 1383 1063 est,

218 1110 221 1111 ν
271 1093 355 1122 mon
395 1085 679 1139 retrogressum
723 1086 834 1135 esse,
877 1085 944 1126 sed
987 1081 1152 1126 omnino
1194 1096 1383 1139 progres-

271 1150 357 1192 sttm
397 1155 504 1193 circa
545 1153 796 1207 religionem·
824 1153 1102 1195 Hebraeorum
1148 1155 1381 1208 ingenium,

268 1233 320 1262 ef<
349 1222 439 1275 ipso
467 1233 577 1275 patet
605 1222 744 1263 exfilio
767 1223 1038 1275 Babylonico.
1098 1223 1245 1277 Neque
1274 1224 1382 1264 enim

268 1289 359 1331 uilo
386 1293 511 1332 mocio
540 1293 579 1332 in
611 1291 877 1333 Israelitarum
917 1295 1070 1334 animos
1115 1305 1261 1335 tantam
1298 1295 1382 1334 vim

265 1359 415 1401 habere
443 1354 666 1414 potuisset,
697 1373 741 1402 ut
768 1363 1001 1403 brevissimo
1031 1365 1224 1417 temporis
1260 1362 1382 1404 inter·-

264 1430 377 1471 vaHo
411 1445 432 1471 a
474 1431 627 1472 summo
658 1431 908 1472 idololatriae
930 1433 1063 1473 studio
1089 1434 1137 1473 ad
1165 1435 1380 1474 maximum

264 1501 533 1553 procederent
566 1514 682 1542 verae
711 1500 919 1556 religionis
948 1515 1153 1553 amorem,
1200 1503 1269 1543 nifi
1297 1503 1380 1557 jam

232 1571 377 1613 ‘antea
412 1571 461 1612 ad
503 1572 544 1611 id
584 1572 806 1624 praeparati
849 1571 1022 1612 fuissent
1061 1565 1200 1613 eorum
1244 1573 1395 1612 animis

210 1686 214 1687 ⁷
263 1639 398 1695 Ipsum
424 1655 522 1682 vero
550 1641 730 1682 exsilium
761 1654 870 1690 rem,
902 1655 1004 1696 quae
1039 1653 1153 1681 antea
1191 1641 1382 1682 inchoata

263 1722 368 1761 erat,
393 1714 447 1753 ita
475 1712 677 1765 perfecit5
721 1722 763 1752 ut
792 1711 840 1751 ad
867 1712 1079 1763 pristinum
1107 1709 1253 1752 malum
1279 1723 1381 1750 nun-

261 1793 382 1834 quam
412 1782 494 1822 fere
522 1782 725 1822 redierint.
786 1780 994 1836 Deinceps
1031 1781 1212 1835 Jehovae
1250 1779 1380 1821 cultui

267 1854 393 1906 magis
433 1854 551 1892 etiam
581 1851 660 1891 sese
700 1851 892 1893 dederunt
923 1852 1115 1893 Hebraei.
1177 1850 1222 1890 In
1257 1851 1381 1903 patri-

266 1934 328 1962 am
372 1924 441 1976 qui
484 1922 711 1971 redierunt,
759 1923 953 1976 templum
979 1933 1020 1962 et
1060 1922 1193 1972 sacra,
1237 1920 1380 1975 perdiu

265 1992 511 2045 interrupta,
555 1992 844 2041 instaurarunt,
889 2003 929 2031 et
971 1991 1222 2032 vindicarunt
1259 1990 1381 2030 vehe-

267 2073 421 2102 menter
454 2075 476 2101 a
511 2061 778 2102 Samaritanis.
840 2060 924 2116 Qui
963 2063 1002 2100 in
1031 2061 1176 2101 exteris
1204 2061 1381 2114 regioni-

266 2132 344 2174 bus
386 2132 637 2180 mansmunr,
696 2134 814 2185 primi
867 2129 1064 2189 cogitasse
1105 2129 1291 2171 videntur
1331 2129 1381 2170 de

270 2200 485 2258 synagogis
519 2201 792 2252 exstruendis,
836 2203 878 2241 in
925 2200 1072 2254 quibus
1107 2199 1156 2240 ab
1185 2199 1381 2241 Hieroso-

1319 2270 1403 2323 lya
