1519 2729
759 186 982 243 (54)

311 323 422 365 civili
463 325 628 368 vinculo
665 327 749 367 fere
792 327 908 368 nullo
952 330 1056 370 inter
1096 328 1136 369 se
1179 339 1291 370 erant
1323 342 1422 372 con-

307 393 466 447 juncti,
496 395 618 435 nullis
641 397 860 438 etiamnum
889 397 1049 453 legibus
1074 398 1284 447 instructi,
1330 402 1421 453 qui-

310 463 386 503 bus
410 470 519 517 opus
548 464 681 514 foret,
714 467 876 518 quando
916 455 1128 511 n'omadica
1156 471 1264 510 vitae
1293 471 1422 511 ratio-

310 545 362 573 ne
391 533 532 575 relicta
560 522 787 576 stabiles'in
827 536 1050 580 Palaestina
1089 539 1201 580 sedes
1243 553 1424 593 occupa-

310 603 458 644 vissent
473 634 485 653 ‚
517 615 558 644 et
587 606 855 660 agriculturae
879 621 1042 662 operam
1065 610 1157 650 dare
1178 610 1422 664 coepissent.

312 672 411 728 Quo
440 676 567 729 magis
592 676 717 730 igitur
741 677 934 720 Israelitis
976 679 1232 733 prospiceret
1274 679 1422 731 Deus,

309 757 524 798 veramque
591 745 835 802 ¹religionem
889 760 1094 800 tueretur,
1166 751 1272 805 regis
1328 751 1424 791 titu-

308 813 394 855 lum
432 815 634 857 assumsit:
674 847 702 871 ,,
734 819 848 872 cujus
890 820 1051 872 imperii
1089 819 1262 861 diversas
1290 832 1425 873 partes

311 885 362 925 fic
411 885 624 939 implevit,
678 888 723 929 ui:
777 889 1069 944 cujuscumque
1120 891 1277 945 generis
1312 890 1426 946 leges

308 954 459 1004 ferret,
504 968 548 997 ut
571 958 635 1011 jus
666 958 845 1011 diceret,
889 971 934 1000 ut
968 962 1145 1013 praemia
1185 961 1427 1014 rependeret

309 1037 543 1085 poenasque
585 1028 811 1084 irrogarem
856 1042 900 1071 ut
945 1031 994 1070 de
1038 1032 1171 1085 gentis
1211 1031 1331 1072 rebus
1375 1030 1431 1072 adv

308 1095 430 1136 vitam
479 1089 716 1139 'necessariis
767 1101 1052 1155 prospiceret,
1098 1112 1142 1142 ut
1179 1101 1304 1154 ipsam
1339 1113 1429 1141 rem

310 1165 499 1207 bellicam
543 1182 811 1222 procuraret,
856 1182 901 1211 ut
944 1171 1080 1211 omnia
1118 1171 1281 1224 prorsus
1309 1183 1426 1224 pera-

309 1247 453 1288 geret,
499 1251 601 1291 quae
645 1239 852 1294 supremae
893 1242 1107 1294 potestatis
1151 1240 1284 1281 civilis
1317 1239 1428 1294 apud

311 1294 540 1347 Orientales
569 1319 610 1348 et
643 1311 925 1364 antiquissimis
967 1309 1223 1363 temporibus
1260 1311 1431 1363 propria

310 1373 395 1413 esse
440 1377 707 1419 censerentur.
769 1381 1075 1422 Convenienter
1115 1393 1207 1420 cum
1245 1379 1434 1434 ejusdem·

312 1438 519 1498 tegiminis
545 1448 683 1488 indole
716 1449 833 1491 aedes
850 1481 863 1500 ‚
894 1452 964 1491 uni
990 1462 1090 1490 vero
1115 1447 1212 1489 Deo
1245 1448 1428 1503 Jehovae

311 1515 450 1565 sacra,
508 1528 548 1557 et
601 1518 866 1562 sanctuarium
920 1531 1034 1569 erat,
1091 1520 1132 1558 in
1180 1532 1266 1572 quo
1312 1517 1432 1559 cole--

310 1596 419 1626 retur
458 1587 596 1628 divino
641 1589 827 1641 honore,
882 1602 923 1631 et
977 1590 1198 1643 palatium,
1257 1589 1299 1628 in
1338 1600 1428 1640 vquo

310 1656 459 1709 regiam
504 1657 670 1699 haberet
708 1659 856 1702 sedem.
946 1659 1161 1715 Quidquid
1202 1660 1238 1699 ei
1281 1658 1426 1699 offere-

311 1724 452 1774 batur,
498 1738 539 1767 et
582 1733 852 1771 venerationis
895 1731 990 1771 huic
1034 1730 1236 1780 debitae,
1269 1739 1310 1769 et
1354 1728 1425 1768 tri-

311 1795 399 1836 buti
421 1798 550 1838 eidem
583 1799 764 1842 solvendi
795 1803 992 1842 rationem
1021 1800 1271 1841 continebat.
1336 1797 1423 1838 To-

308 1877 348 1905 ta
392 1867 653 1919 constitutio,
712 1884 805 1913 cum
845 1871 952 1912 sacra
996 1882 1080 1911 tum
1129 1869 1289 1919 civilis,
1339 1881 1422 1908 ma-

308 1937 486 1988 jestatem
514 1939 688 1981 divinam
717 1956 762 1983 ac
789 1943 940 1997 regiam
972 1940 1172 1982 indivulso
1209 1952 1315 1979 nexu
1351 1951 1422 1979 ex-
1462 1973 1464 1976 ,

309 2006 475 2049 hibebat
502 2011 776 2065 conjunctam.
838 2011 998 2053 Educta
1017 2022 1149 2052 autem
1179 2009 1228 2050 ad
1249 2009 1421 2050 bellicas
1467 2062 1474 2065 “

309 2079 590 2131 expeditiones
632 2095 722 2124 arca
763 2083 965 2131 foederis,
1009 2081 1312 2134 praesentissimi
1351 2080 1421 2134 Je-

309 2147 437 2188 hovae
468 2151 647 2204 signum,
695 2153 800 2193 hunc
830 2153 959 2206 ipsum
988 2151 1086 2192 belli
1115 2151 1259 2192 ducem
1298 2159 1428 2204 atque*

305 2217 591 2270 imperatorem
617 2222 749 2263 oculis
786 2221 1106 2276 repraesentabat
1137 2220 1418 2263 Israelitarum.

1314 2289 1419 2345 Qui-
