1519 2729
614 148 836 206 (47)

159 304 232 333 cae
258 301 387 345 atque
414 301 687 332 caeterarum
709 290 916 332 exterior.
933 284 1012 342 (1)
1042 284 1155 336 Iris,
1182 299 1285 340 quae

156 360 383 417 pupillam,
417 375 534 414 quam
566 362 700 402 dicere
731 359 888 409 solent,
917 358 1088 408 format,
1119 368 1160 396 et
1189 370 1283 398 cum

156 444 265 474 uvea
290 443 351 471 est
378 432 626 480 coniuncta,
667 430 897 470 extenditur
938 427 1003 468 vel
1053 427 1285 480 reprimitur

158 500 353 555 (fortasse
369 503 535 555 propria
560 501 624 541 sua
650 495 943 550 itritabilitate)
961 510 1037 551 pro
1063 499 1285 550 quantitate

157 570 346 621 luminis,
389 571 454 612 vel
499 573 647 612 minori
690 570 753 611 vel
799 570 955 609 maiori.
999 593 1046 602 --
1086 567 1286 608 Continet

157 641 250 681 dein
271 640 415 682 oculus
445 643 622 683 diversos
638 641 818 695 liquores
834 670 846 689 ‚
879 651 1058 693 aqueum
1082 637 1167 678 scil.
1192 650 1285 691 cry-

151 711 399 767 stamnum,
438 713 652 762 vitremn3
682 713 752 764 qui
780 712 938 751 cuinam
962 708 1049 751 usui
1073 708 1286 748 inserviant

158 794 255 821 mox
284 781 514 822 videbimus
531 814 543 833 ‚
577 783 881 834 comparatione
905 781 1008 818 inter
1029 776 1194 818 oculum
1213 789 1287 817 no-

156 850 278 890 strum
301 862 341 890 et
365 851 631 905 telescopium
653 852 825 892 institut&
842 880 855 898 ,
879 861 980 902 quae
997 878 1009 897 ‚
1038 847 1136 887 licet
1161 858 1286 887 artem

156 919 282 974 longe
305 921 464 973 superet
489 918 655 970 natura,
688 923 727 961 in
755 931 896 961 nostro
921 929 1160 973 argumento
1176 947 1189 965 ,
1214 929 1287 968 ap·

158 990 305 1030 tisfime
347 989 495 1030 institui
535 990 654 1043 posse
700 991 800 1030 mihi
843 990 1027 1036 videtum
1071 997 1290 1038 utrumque

155 1060 264 1098 enim
297 1058 347 1099 acl
375 1059 535 1100 easdem
576 1062 736 1114 optices
775 1060 890 1114 leges
925 1070 986 1098 est
1023 1055 1286 1104 instructum,

156 1138 373 1182 utrumque
414 1129 556 1171 iisdem
597 1131 838 1171 adiumentis
880 1129 1033 1176 utitur,
1071 1137 1290 1180 utrumque

154 1199 208 1241 ad
248 1200 418 1240 eundem
459 1200 580 1241 finem
607 1200 880 1255 compositum
907 1199 1094 1247 videtur,
1121 1195 1287 1238 eosdem

157 1269 332 1322 denique
362 1269 530 1310 effectus
559 1270 713 1322 prodit.

215 1338 302 1379 Res
317 1350 503 1379 externae
519 1342 647 1388 enim,
679 1335 895 1392 (obiecta)
913 1335 1074 1377 luminis
1088 1348 1168 1388 ope
1185 1346 1286 1375 con-

158 1408 320 1463 spicuae
337 1438 349 1457 ‚
397 1406 610 1462 superficie
637 1409 702 1449 sua
719 1439 732 1458 ,
764 1409 898 1448 radios
925 1407 1133 1447 retrudunt
1161 1415 1202 1444 et
1230 1405 1288 1445 ita

159 1480 209 1520 ad
244 1478 390 1521 oculos
430 1491 593 1520 nostros
622 1490 800 1519 vertunt.
862 1477 983 1518 Radii
1012 1476 1073 1517 illi
1108 1478 1163 1517 ita
1190 1474 1286 1516 flec-

160 1558 325 1597 tuntur,
356 1548 482 1597 ut‚‘fi
511 1563 562 1590 ex
589 1562 764 1603 corpore
793 1547 858 1589 vel
884 1549 1050 1588 materie
1079 1546 1286 1600 pellucida
1312 1600 1315 1603 ¹

161 1618 202 1656 in
223 1616 333 1658 aliud
349 1631 498 1672 corpus
516 1621 734 1668 transeant,
751 1619 815 1669 (v.
833 1632 870 1660 c.
887 1631 936 1658 ex
952 1619 1042 1658 aere
1059 1619 1098 1656 in
1112 1613 1284 1669 aquam)

162 1698 239 1739 pro
255 1698 394 1728 eorum
412 1703 632 1743 corporum
654 1691 829 1740 ratione,
852 1687 915 1728 vel
941 1688 1199 1740 divergantur
1218 1684 1285 1725 vel

163 1768 460 1812 convcrgantur
475 1791 487 1806 ,
525 1771 596 1809 ut,
620 1762 645 1802 fi
662 1762 738 1801 rite
759 1770 1077 1813 converguntur,
1102 1755 1215 1797 fimul
1246 1756 1288 1795 in

163 1839 287 1868 unum
323 1827 463 1870 focum
494 1830 754 1885 colligantur.
814 1830 874 1871 Ita
909 1841 949 1870 et
986 1830 1027 1869 in
1062 1826 1288 1879 teleseopio

163 1896 403 1939 etin'oculo
433 1902 720 1953 concipiuntur
744 1902 843 1944 radii
871 1901 1033 1943 luminis
1050 1929 1063 1948 ,
1095 1898 1187 1952 quir,
1214 1908 1292 1950 pro

1225 1979 1294 2008 va-

210 2066 274 2116 (1)
300 2071 341 2105 T.
365 2073 400 2105 F.
427 2070 659 2114 Bfuddeus‚
682 2075 720 2107 de
733 2073 895 2107 Athessma
917 2073 959 2106 C.
983 2073 1024 2106 V.
1049 2073 1079 2115 ξ).
1101 2079 1135 2112 5.
1159 2078 1193 2102 et
1214 2069 1290 2102 Lu-

167 2127 315 2168 lofsii‚
339 2130 458 2162 slmzot.
491 2141 563 2171 190.
589 2129 709 2163 deiude
739 2131 850 2172 pas-{im
874 2126 1197 2169 Blumenbach,
1223 2126 1291 2161 Pa·

167 2183 241 2227 ley
272 2194 305 2218 et
335 2187 558 2230 CIarisse‚
584 2197 606 2224 t.
631 2196 660 2222 a.
682 2199 716 2231 p.
