1519 2729
478 156 759 214 ’(59)

95 300 263 343 Evam
295 300 462 353 (horum
486 298 665 349 quisnam
692 294 840 343 fuerit,
883 291 932 333 lis
962 287 1068 341 erat)
1094 290 1133 329 in
1166 288 1207 329 se

101 369 343 414 continuisse
369 368 524 414 statuit,
556 365 746 418 simulque
773 377 863 406 cum
901 363 963 402 his
1001 360 1210 400 hominum

95 441 337 483 rudimenti-s
374 439 491 478 etiam
519 436 741 484 vermium3
785 446 884 487 quae
912 430 1130 483 explicatio
1159 440 1211 467 eo

104 512 228 564 magis
263 508 312 549 ad
349 520 480 548 veram
517 504 707 545 accedere
731 503 810 544 illis
850 502 1083 548 videbatur,
1129 510 1212 550 quo

105 581 234 635 major
260 579 466 619 hominum
494 588 583 628 pars
612 572 812 613 vermibus
844 582 1065 611 vexaretur.
1123 566 1214 607 Hos

103 659 260 690 vermes
301 660 376 701 pro
414 647 530 686 variis
571 641 869 684 conditionibus
919 639 1108 692 prodire,
1149 647 1219 675 aut

106 720 276 761 formam
317 728 358 756 et
395 715 625 755 structuram
666 712 771 753 suam
804 721 954 752 mutare
1003 706 1216 753 dicebant,

105 789 221 829 aliter
243 788 347 827 enim
377 784 490 824 nullo
524 783 645 822 modo
685 794 806 822 unum
847 780 1036 820 sententia
1073 777 1218 817 habere

109 856 304 911 potuisset
329 853 547 901 asseclam,
579 852 717 893 habuit
746 862 876 892 tamen
904 861 1020 901 quam
1059 846 1218 899 plures,

109 926 254 968 necess
262 936 339 965 tate
365 923 646 977 explicationis
673 913 874 961 habendae
911 930 952 958 et
993 914 1222 957 difficultate

110 999 267 1051 priores
305 993 497 1034 assumere
525 991 736 1043 opiniones
763 1000 943 1030 coactos.

170 1064 375 1107 Dicebant
400 1073 552 1102 vermes
579 1071 688 1100 extra
726 1071 875 1111 corpus
916 1057 1130 1096 humanum
1169 1063 1225 1091 ta-

115 1137 173 1179 les
211 1147 294 1175 non
332 1134 528 1179 inveniri,
573 1129 709 1184 quales
750 1130 791 1169 in
825 1139 875 1168 eo
898 1124 1225 1170 inveniebantur,

118 1207 167 1257 de
197 1218 279 1258 quo
303 1214 433 1244 autem
463 1202 578 1242 aliter
605 1199 756 1241 constat
772 1228 785 1247 ,
815 1210 854 1238 v.
871 1209 908 1238 c.
934 1194 1132 1236 Distoma
1157 1190 1228 1231 he-

110 1276 303 1331 paticum
328 1273 476 1325 aliique
515 1271 594 1311 hoc
621 1268 806 1322 probant.
865 1263 1025 1306 Deinde
1063 1261 1230 1302 afferunt

119 1344 303 1398 exempla
324 1342 517 1384 infantum
541 1351 631 1380 ante
649 1338 895 1378 nativitatem
926 1345 1080 1374 vermes
1100 1332 1232 1372 conti-

119 1417 312 1456 nentium.
371 1412 498 1452 Porro
529 1410 639 1451 suum
671 1409 839 1459 systema
876 1404 1046 1457 probare
1085 1413 1234 1441 conan-

123 1498 215 1534 tur,
258 1483 459 1530 dicentes,
503 1478 685 1520 animalia
722 1476 889 1517 inveniri
941 1485 1097 1526 praeter
1147 1456 1270 1511 vers

123 1567 234 1602 mes,
264 1553 313 1593 ad
337 1564 483 1604 corpus
511 1551 725 1590 humanum
749 1544 946 1586 exclusive
972 1541 1234 1596 pertinentia,

125 1638 164 1666 v.
193 1637 230 1664 c.
258 1621 470 1675 pediculos
496 1621 712 1665 humanos,
741 1615 922 1666 aliaque,
953 1610 1236 1652 etctiamhaec

127 1695 260 1749 generi
287 1694 460 1732 humano
489 1688 703 1742 congenita
725 1686 822 1725 esse.

185 1761 311 1804 Nulla
349 1772 446 1800 vero
484 1761 584 1799 ratio
622 1767 708 1803 est,
751 1766 822 1794 cur
849 1765 930 1793 non
955 1752 1051 1792 haec
1077 1747 1239 1793 animal-

129 1833 246 1883 cula,
278 1834 303 1873 fi
334 1831 382 1871 ad
406 1830 587 1870 homines
625 1826 741 1866 unice
779 1824 1027 1877 pertineant,
1070 1820 1118 1859 ab
1159 1830 1242 1857 uno

129 1904 180 1945 ad
214 1902 382 1942 alterum
427 1897 757 1944 transferrentur,
803 1893 913 1947 quo'd
946 1892 1031 1932 fieri
1059 1888 1241 1929 observa-

131 1986 245 2022 mus,
278 1972 370 2012 dum
398 1968 423 2011 ‘fi
448 1969 663 2023 congenita
688 1964 860 2012 fuerint,
903 1961 983 2002 hoc
1023 1971 1125 2011 opus
1161 1969 1244 1998 non

130 2045 260 2092 esset,
292 2054 375 2082 tum
403 2041 507 2080 enim
536 2050 608 2090 per
633 2034 669 2074 se
697 2045 834 2073 omnes
855 2031 934 2072 illis
959 2030 1093 2070 vexari
1127 2028 1246 2069 debe·

133 2125 242 2162 rent,
274 2124 366 2153 cum
399 2122 421 2148 e
449 2108 650 2149 contrario
683 2103 797 2144 multi
827 2101 906 2142 illis
932 2100 1106 2141 feliciter
1133 2097 1248 2139 desti·

138 2185 193 2224 tui
220 2182 491 2224 observentur.
550 2176 615 2218 Ne
643 2186 773 2216 autem
803 2172 851 2214 de
874 2172 1108 2224 systemate,
1139 2165 1251 2222 quod

1178 2248 1251 2292 per
