1519 2729
703 143 935 202 (⁷40)

257 280 314 323 sui
345 279 518 324 muneris
544 281 677 325 nollet
707 282 850 327 officiis
877 284 1038 335 deesse,
1078 281 1145 325 sed
1173 284 1222 326 iis
1243 280 1384 335 animo

251 362 568 406 constantisfimo
621 364 737 422 fungi
775 376 1004 408 conaretur.
1092 365 1226 421 Quam
1265 368 1382 409 valde

251 443 434 485 nobilem
473 445 697 501 utilemque
737 447 983 490 alacritatem
1027 460 1070 489 ut
1120 445 1236 489 Deus
1278 449 1380 503 ipfi,

250 526 372 566 etiam
400 538 497 579 post
521 535 679 581 partum
710 531 838 571 otium
856 557 868 581 ‚
900 531 1119 572 diutissime
1145 531 1379 580 conservet,

251 620 423 659 omneS‚
466 609 710 652 Academiae
739 624 905 667 quoque
949 612 1111 663 caussa,
1157 611 1248 655 toto
1283 627 1379 667 pec-

249 699 338 730 tore
366 694 598 743 precamur!

307 771 444 826 Quam
484 774 630 816 vellem
672 788 836 826 autem,
880 789 926 818 ut
953 778 1155 831 quoddam
1184 777 1380 818 valetudi-

249 855 312 894 nis
341 855 700 909 impedimentum,
729 867 888 911 praeter
916 859 1286 912 exspectationem,
1310 859 1381 899 ab·

249 936 334 977 esse
349 948 432 977 non
449 949 617 993 cogeret
633 938 896 981 clarisfimum
913 951 1093 982 nostrum
1110 926 1352 983 HssntNGAM
1366 968 1380 991 ,

248 1021 321 1073 qui
350 1019 506 1074 semper
532 1021 702 1076 Juvenili
732 1024 878 1062 mentis
903 1024 1045 1078 vigore
1072 1034 1111 1063 et
1140 1022 1382 1077 plerumque

248 1102 332 1143 sani
383 1105 571 1158 corporis
629 1102 834 1145 beneficio
874 1104 953 1145 frui
991 1108 1246 1158 perrexerat!
1298 1105 1380 1147 Hic

247 1187 355 1225 enim
385 1198 504 1238 quam
534 1187 734 1239 propensa
761 1186 807 1226 fit
832 1185 882 1226 ad
909 1186 1182 1228 sustinendum
1221 1187 1381 1229 Acade-

247 1267 350 1307 miae
378 1267 501 1307 decus
524 1266 761 1317 voluntate,
795 1268 928 1308 denuo
944 1268 1256 1317 demonstravit,
1286 1266 1379 1312 cum

246 1343 453 1386 Historiae
482 1345 786 1390 Ecclefiasticae
813 1350 894 1392 hoc
923 1365 1028 1391 anno
1051 1353 1257 1393 docendae
1284 1366 1379 1407 pro-

246 1429 420 1469 vinciam
450 1441 533 1469 non
577 1430 890 1483 detrectaverit,
937 1436 1119 1488 quamvis
1162 1434 1378 1487 multiplex

236 1512 319 1565 -ipfi
349 1524 480 1560 onus,
512 1524 587 1552 nec
617 1512 707 1553 leve
737 1515 933 1568 profecto
961 1516 1092 1567 illud,
1121 1517 1202 1571 jam
1245 1519 1378 1570 impo-

246 1595 386 1636 suisset
414 1596 667 1638 admirandus
690 1598 776 1652 ejus
803 1599 923 1640 ardor
953 1598 1182 1639 commodis
1206 1590 1392 1639 serviem*

245 1677 286 1718 di
330 1678 626 1730 plurimorum:
672 1693 749 1733 pro
791 1691 869 1732 qua
914 1679 1112 1720 benevola
1159 1679 1376 1735 studiisque

242 1756 556 1802 fructuosissima
583 1750 805 1812 facilitate,
835 1763 987 1802 utinam
1017 1763 1107 1802 viro
1135 1763 1377 1804 amicissimo

244 1852 406 1892 mcum,
451 1844 579 1885 immo
607 1846 789 1886 omnium
817 1843 867 1884 ad
896 1857 1000 1898 quos
1037 1846 1180 1885 attinet
1217 1845 1374 1886 Acade-

244 1923 347 1962 miae
374 1922 504 1975 salus,
544 1928 719 1968 animum
747 1937 905 1982 gratum
940 1926 1137 1980 praesenti
1166 1938 1285 1968 nunc¹
1304 1927 1373 1968 de·
1423 1950 1425 1952 -

239 1999 345 2041 ferre
370 2007 620 2055 potuissem!

295 2084 358 2125 Te
410 2099 510 2128 vero
552 2102 689 2131 coram
735 2093 801 2133 hic
845 2093 991 2132 intueri
1038 2101 1078 2131 et
1122 2091 1371 2145 compellare

172 2195 179 2210 .
235 2167 335 2209 mihi
363 2168 658 2223 perjucundum
688 2185 777 2225 est,
823 2174 1098 2227 maximopere
1125 2169 1370 2217 aestimande

1278 2270 1366 2300 VAN
