1519 2729
571 193 794 253 (π)

118 346 232 378 natus
261 343 355 376 erat.
415 333 619 376 Minarum
649 342 784 376 autem
811 335 895 375 vim
922 342 1084 374 omnem
1124 341 1249 385 expa-

118 405 323 447 riebantur
359 405 399 444 in
431 404 594 445 exsilio.
683 403 814 457 Patria
852 404 959 444 enim
1002 402 1152 456 ejecti,
1195 402 1250 443 ab

119 474 305 515 hostibus
335 474 374 512 in
401 474 676 525 captivitatem
692 474 886 524 abducti,
917 472 1109 514 dirissima
1122 484 1248 525 quae-

118 556 198 597 que
226 544 556 597 perpetiebantur
585 542 684 598 (a).
744 543 920 598 Spoliati
950 543 1000 584 ab
1032 542 1149 584 hoste
1165 572 1185 591 ‚.
1209 552 1253 586 et

119 614 269 667 opibus
299 612 530 667 divitiisque
547 645 560 663 ‚
606 614 755 668 quibus
779 600 1079 656 abundaverant
1105 624 1251 663 antea,

119 683 323 733 destituti,
354 685 395 723 in
424 685 655 738 peregrinas
682 685 997 728 detrudebantur
1033 684 1252 737 regiones,

118 767 217 807 quas
244 754 268 794 fi
300 767 393 795 cum
423 756 556 808 patrio
586 755 675 796 solo
705 766 1017 809 compararent,
1062 765 1145 794 non
1173 766 1251 806 po-

118 835 248 867 terant
277 836 359 877 non
395 825 480 879 ejus
503 825 698 867 defiderio
729 813 823 867 ferri
848 824 1127 866 vehementius
1154 821 1251 878 (b).

118 894 247 949 Quod
274 907 372 936 vero
402 897 825 937 omniummaximum
852 907 964 943 erat,
1010 905 1130 948 capta
1153 892 1253 934 Hie·

117 965 345 1019 rosolyma‚
391 964 843 1019 spoliatopenitusque
882 965 1020 1006 diruto
1063 963 1252 1018 templo,

117 1035 227 1076 nulla
280 1036 328 1075 iis
368 1034 469 1077 festa
511 1034 718 1078 celebrare
758 1036 938 1086 licebat,
982 1034 1095 1077 nulla
1143 1035 1254 1077 sacra

116 1118 336 1160 peragere,
366 1107 491 1147 immo
520 1118 620 1147 vero
652 1120 675 1148 a
711 1106 809 1149 Deo
834 1108 906 1150 suo
931 1107 1089 1163 Jehova
1116 1105 1253 1147 relicti

117 1176 384 1223 videbantur,
444 1188 483 1217 et
538 1188 734 1231 perpetua
789 1178 913 1220 tutela
967 1177 1120 1220 exclufi
1159 1166 1251 1230 (c).-

118 1245 235 1302 Quae
262 1259 395 1288 autem
426 1247 591 1287 aliarum
635 1249 816 1302 gentium
859 1247 968 1289 idola
1010 1247 1251 1295 coluerant,

118 1316 218 1360 haec
234 1316 298 1357 vel
315 1316 511 1358 destructa
534 1317 723 1371 jacebant
752 1317 831 1371 (A)
849 1349 861 1366 ‚
892 1316 957 1357 vel
983 1317 1036 1358 ab
1060 1315 1252 1360 hostibus

116 1399 193 1428 una
210 1400 303 1430 cum
318 1389 416 1429 vafis
429 1387 610 1441 Jehovae
638 1388 678 1427 in
703 1387 953 1441 triumphum
982 1386 1103 1427 ducta
1123 1385 1252 1427 Chal-

117 1457 306 1500 daeorum
332 1458 486 1498 summo
513 1456 610 1498 Deo
645 1457 778 1507 Belo,
825 1468 1013 1511 tanquam
1051 1458 1252 1500 victoriae

117 1529 336 1581 praemium
361 1539 471 1568 crant
500 1527 630 1568 dicata
659 1525 748 1580 (e).
811 1527 906 1568 Sine
943 1526 1040 1568 Deo
1078 1528 1249 1568 omnino

118 1601 221 1639 inter
260 1599 489 1653 peregrinas
531 1609 671 1652 gentes
703 1597 849 1641 versari
890 1598 1157 1646 videbantur,
1194 1598 1246 1638 ab

116 1667 343 1713 idololatris
371 1667 548 1708 ludibrio
570 1668 696 1712 habiti
727 1666 827 1722 (f).

175 1738 363 1781 Attamen
404 1738 501 1782 haec
542 1737 854 1791 praesentislima
911 1737 1014 1780 mala
1054 1739 1246 1794 majorem

1173 1820 1246 1847 0112

163 1927 226 1972 (a)
250 1930 349 1964 Conf.
375 1931 476 1965 Doct.
504 1931 549 1965 H.
572 1932 602 1978 J.
621 1932 792 1982 Royfiards
809 1956 819 1971 ‚
857 1932 879 1965 l.
907 1931 931 1964 1.
955 1940 990 1974 p.
1022 1939 1082 1976 135
1099 1956 1109 1971 ‚
1137 1933 1211 1973 133.

161 1985 223 2030 (b)
249 1987 376 2021 Ezech.
396 1988 436 2021 V:
463 1998 505 2029 ,η
524 2008 537 2014 -
554 1998 605 2031 17.
627 1989 749 2023 xxm:
779 1999 819 2022 22
838 2008 851 2014 -
867 1996 922 2031 35.

127 2086 132 2093 ⁵
162 2041 220 2093 (c)
246 2044 370 2078 Threni
393 2045 519 2092 Jercm.
545 2045 603 2084 ΙΙ,
627 2046 669 2080 V.

162 2092 224 2143 (d)
249 2101 378 2134 Ezecih.
408 2101 463 2135 Vl:
495 2111 582 2144 4-7.
606 2103 680 2137 Vll:
709 2111 839 2144 19-22.

161 2154 218 2197 (e)
236 2168 260 2206 ⁸2
290 2157 413 2197 Clu-on,
438 2158 587 2192 XXXVI:
615 2169 648 2202 7.
674 2160 761 2195 Ezra
789 2159 815 2194 l:
839 2168 871 2202 7.
895 2157 972 2200 2011.
998 2157 1080 2192 Dan.
1110 2156 1179 2199 ΠΙ,
1206 2157 1244 2193 V.

160 2211 233 2260 (f)
258 2214 306 2250 I's.
330 2215 393 2250 cu
410 2240 420 2256 ‚
445 2213 645 2262 cxxxxfil.
