1519 2729
755 213 978 269 (98)

318 350 444 405 ipsam
490 351 530 391 in
574 350 686 392 cultu
731 351 841 392 sacro
883 350 1074 392 diversam
1121 350 1263 405 agendi
1309 352 1432 393 ratio-

313 433 409 462 nem
447 422 633 476 proxime
680 421 906 475 pertinent:
953 421 1020 462 sed
1076 420 1293 462 ostendunt
1346 432 1431 463 tan-

312 501 424 540 tum,
482 489 663 530 universe
720 489 884 543 quidem
928 490 1093 532 eandem
1135 490 1315 532 mansisse
1348 488 1433 531 He·

311 559 441 600 braeis
483 557 674 599 indolem.
735 557 863 613 Quod
902 573 995 602 cum
1036 561 1079 600 in
1111 561 1280 601 caeteris
1309 558 1432 599 rebus

309 642 446 683 aperte
485 640 642 683 pateat,
684 628 899 681 probabile
940 641 1027 679 est,
1072 630 1113 669 in
1165 629 1254 682 ipso
1307 629 1429 669 etiam

308 698 424 740 cultu
450 699 589 740 divino
620 711 703 738 non
746 709 959 748 mutatam,
1002 699 1069 740 sed
1118 698 1310 739 servatam
1345 697 1431 739 esse

307 768 476 809 candem
499 768 550 808 ab
579 766 776 808 Hebraeis
803 767 981 808 indolem
1013 769 1123 809 omni
1153 780 1268 809 aevo.

365 837 468 879 Sunt
495 849 623 886 vero,
654 849 699 879 ut
728 838 897 891 propius
922 838 1004 892 jam
1025 837 1075 878 ad
1102 838 1226 891 ipsam
1255 837 1305 878 de
1338 836 1431 878 reli-

307 909 430 963 gione
458 908 736 961 quaestionem
765 907 1025 957 accedamus,
1056 910 1098 948 in
1128 907 1217 962 ipso
1239 907 1352 949 cultu
1369 907 1429 948 di-

306 978 404 1020 vino
428 977 622 1019 nonnulla
651 989 691 1017 et
719 989 811 1018 ante
839 977 1020 1019 exsilium
1057 989 1098 1019 et
1125 989 1267 1031 postea
1305 977 1426 1031 plane

304 1048 476 1099 eadem,
521 1049 562 1088 in
589 1048 737 1101 quibus
777 1047 880 1089 adeo
915 1047 1053 1089 eadem
1094 1048 1214 1102 plane
1253 1048 1431 1089 cernitur

305 1129 348 1158 et
375 1129 466 1159 ante
493 1117 674 1159 exsilium
702 1116 1002 1170 Babylonicum
1031 1129 1071 1158 et
1097 1129 1194 1172 post
1223 1116 1325 1158 illud
1369 1118 1429 1158 in-

306 1186 422 1228 doles
451 1186 746 1228 Hebraeorum.

363 1256 535 1298 Davidis
589 1257 697 1296 enim
737 1267 866 1297 aetate
909 1255 1179 1310 philosophus
1232 1255 1424 1310 Asaphus

303 1326 416 1367 cives
446 1325 537 1366 suos
560 1326 640 1380 jam
670 1326 1017 1379 reprehendebat,
1048 1325 1160 1379 qnod
1186 1327 1226 1366 in
1256 1338 1425 1368 externo

306 1394 390 1443 Dei
419 1396 532 1437 cultu
557 1397 719 1436 nimiam
743 1409 879 1437 curam
907 1396 1144 1449 ponebant,
1190 1407 1230 1436 et
1274 1396 1428 1437 sacrifi-

303 1467 380 1506 ciis
409 1465 530 1518 plus,
575 1478 694 1519 quam
739 1479 810 1520 par
835 1477 948 1513 erat,
994 1465 1298 1507 delectabantur
1328 1464 1424 1520 (a).

305 1533 364 1576 Et
402 1535 626 1588 prophetae
667 1537 707 1576 in
750 1536 808 1577 sui
848 1536 1043 1589 temporis
1072 1536 1305 1577 hominibus
1328 1536 1423 1590 plus

305 1604 429 1645 semel
475 1605 746 1647 defiderabant
788 1619 947 1646 morum
983 1606 1282 1660 integritatem,
1330 1618 1424 1648 cum

304 1677 481 1716 externis
510 1675 668 1725 actibus
698 1688 886 1730 magnum
911 1672 1122 1716 statuerent
1137 1676 1311 1728 pretium
1326 1675 1348 1716 (
1353 1673 1420 1727 b).

305 1743 352 1785 In
382 1746 529 1798 quibus
556 1758 677 1786 nemo
703 1758 785 1786 non
825 1745 910 1786 fere
953 1756 1148 1800 agnoscat
1185 1746 1423 1798 posterioris

303 1816 391 1855 aevi
430 1813 690 1862 Pharisaeos,
746 1816 815 1868 qui
851 1813 891 1855 in
927 1815 1194 1868 superstitiosa
1235 1803 1423 1856 externo·

303 1896 391 1925 ru2n
433 1884 582 1925 rituum
623 1884 903 1936 observatione
946 1898 1066 1927 omne
1097 1884 1209 1926 suum
1250 1884 1420 1926 studium

1344 1967 1421 2009 ΡΟ·

347 2064 412 2111 (a)
437 2068 486 2102 Ps.
515 2068 556 2102 L:
584 2078 704 2114 5-15·

346 2121 409 2169 (b)
432 2124 498 2169 Jes.
527 2127 554 2159 I:
582 2136 729 2170 10·17,
760 2127 882 2162 XXIX:
909 2138 947 2171 13
964 2153 974 2168 ‚
1012 2125 1166 2169 imprimis
1190 2127 1314 2162 LVIII.
1349 2125 1420 2172 Jer.

300 2179 360 2213 Vl:
396 2190 461 2219 20,
498 2181 572 2214 VII:
603 2183 727 2225 4-26.
763 2184 844 2219 Hos.
888 2186 947 2221 Vl:
983 2185 1017 2220 6.
1052 2184 1155 2218 Amos
1203 2185 1243 2220 V:
1276 2192 1314 2221 21
1336 2193 1420 2226 ·24.

300 2234 412 2273 Mich.
443 2237 500 2273 V1:
520 2239 606 2275 6·8.
