1519 2729
519 190 744 248 (13)

103 334 390 390 subjectivae,
409 331 557 387 quibus
585 330 688 386 legis
715 330 1000 386 percipiendae
1027 333 1106 373 five
1141 333 1226 374 offi-

103 407 160 447 cii
198 405 379 461 notionis
431 402 563 444 sumus
614 413 785 454 capaces
838 400 1100 456 (subjective
1146 401 1228 442 Be·-

102 476 348 531 ‚dingungen
416 472 491 513 der
543 470 944 527 Empfc'ingliclzkeit
993 470 1085 526 fiir
1149 472 1229 513 den

102 541 468 601 Pfliclztbegriffe)
511 542 613 584 Sunt
651 553 811 582 autem:
859 542 993 583 sensus
1034 541 1227 591 moralis,

103 615 381 663 conscientia,
440 625 554 653 amor
626 612 837 653 hominum
903 625 943 653 et
972 646 975 647 ⁷
1007 614 1229 654 reverentia

102 686 162 728 sui
191 685 326 739 ipfius.
358 703 402 713 —
431 682 544 724 Haec
564 695 699 736 aeque
726 685 858 724 minus
897 683 1032 738 juberi
1074 696 1123 724 ac
1162 683 1231 723 de-

101 755 311 797 monstrari
338 754 535 809 possunt,
569 753 636 794 sed
665 766 710 800 ea
737 755 778 794 in
810 755 974 795 homine
1005 753 1132 795 inesse
1158 753 1230 794 ab-

99 827 206 869 unde
249 837 390 881 patetg
433 836 500 864 aut
536 836 672 864 nonne
713 827 931 865 maximum
985 824 1226 865 haberemus

98 909 262 939 naturae
287 897 501 944 meritum,
548 894 662 948 quod
695 896 822 936 virtus
849 897 890 935 in
921 897 1103 937 omnium
1142 896 1227 935 ani-

98 980 189 1008 mos
216 966 352 1008 lumen
380 964 492 1005 suum
519 966 725 1017 permittat
754 977 795 1006 et
822 968 943 1006 etiam
974 965 1110 1006 videre
1156 978 1229 1005 eos

97 1039 168 1092 qui
206 1049 289 1077 non
328 1036 543 1087 sequantur
585 1032 696 1088 (ὼε,
734 1048 870 1077 nonne
899 1035 1043 1084 Nero,
1077 1034 1230 1076 scelere

96 1107 198 1149 licet
225 1118 266 1148 et
291 1105 466 1147 militum
497 1116 537 1145 et
566 1104 734 1146 Senatus
760 1106 1102 1161 gratulationibus
1129 1117 1231 1145 con-

97 1179 287 1230 firmato,
334 1176 373 1217 se
398 1176 592 1230 exagitari
631 1189 810 1218 materna
839 1176 1002 1230 specie,
1047 1176 1229 1216 verberi-

97 1251 258 1304 busque
292 1247 504 1299 Furiarum
534 1260 581 1289 ac
611 1247 737 1288 taedis
763 1246 1024 1296 ardentibus,
1057 1246 1229 1288 confite-

97 1321 216 1362 batur
247 1312 362 1374 (23‘3
407 1316 558 1358 Nonne
588 1318 688 1358 haec
718 1318 840 1357 nobis
867 1316 1001 1357 insunt
1032 1328 1222 1370 tanquam

95 1389 239 1438 ἕργοινοι
267 1389 416 1441 quibus
442 1388 598 1429 bonum
628 1400 667 1428 et
697 1387 847 1428 malum
877 1387 1171 1441 degustemus?

155 1459 188 1501 I.
216 1460 358 1514 Juberi
373 1461 509 1512 itaque
524 1459 623 1498 haec
651 1470 734 1498 non
766 1448 972 1510 pos'sunt,
998 1457 1066 1498 sed
1100 1470 1228 1498 cxco-

97 1529 216 1571 lenda
232 1531 320 1571 sunt
334 1560 347 1579 ,
378 1531 494 1570 utica
511 1541 699 1582 tanquam
713 1529 893 1580 aptiora,
918 1529 1067 1582 quibus
1083 1528 1227 1583 degus-

101 1609 252 1647 tamus,
279 1601 422 1646 ὄργανα
449 1610 681 1652 appareant.
726 1597 826 1651 Quo
858 1601 984 1653 magis
1008 1599 1160 1638 veroin
1179 1600 1227 1638 iis

99 1667 310 1718 colendis,
343 1670 576 1710 exercendis
603 1679 645 1707 et
668 1666 859 1707 acuendis
874 1666 1001 1707 homo
1015 1669 1228 1722 progredi-
1260 1678 1263 1679 ’

101 1750 166 1779 tur
179 1769 193 1787 ,
212 1750 263 1785 ‚eo
280 1739 430 1792 majore
446 1738 615 1780 afficitur
629 1738 731 1793 legis
747 1738 970 1778 reverentia
987 1768 999 1786 ,
1031 1751 1082 1779 eo
1101 1741 1227 1794 magis

100 1809 321 1863 perspicit,
359 1822 479 1862 quam
509 1808 655 1862 procul
684 1808 816 1848 adhuc
836 1808 944 1850 abfit
985 1823 1007 1850 a
1046 1810 1229 1863 perfecta

98 1878 170 1918 illa
209 1879 382 1928 virtute,
428 1892 547 1932 quam
602 1892 676 1932 per
714 1879 839 1920 officii
883 1880 1012 1920 ideam
1058 1882 1239 1922 intuitus*

99 1960 162 2006 est
177 1948 304 1991 homo
319 1947 414 2003 (3).
477 1949 557 1990 Sed
570 1962 620 1990 eo
638 1950 765 2004 magis
786 1959 904 2003 aptus
917 1950 1051 1990 evadit
1080 1952 1155 2011 qui·
1178 1951 1228 1991 de

325 2026 328 2028 ’
682 2031 684 2033 ’
1157 2020 1228 2062 ali-

143 2119 208 2166 (1)
234 2121 425 2161 Seneca,
447 2121 486 2154 de
513 2120 626 2163 Bemfi
654 2122 712 2156 IV.
741 2132 772 2156 c.
805 2131 857 2166 17.

127 2176 700 2223 '(2)Suetonius‚i1-2W'm
729 2189 759 2214 e.
785 2190 840 2224 34.
955 2198 957 2201 v

0 2255 3 2264 ·
54 2256 55 2259 =
101 2288 103 2292 Α
143 2233 208 2280 (3)
231 2235 328 2269 Van
353 2235 590 2270 Hemerts
620 2238 822 2284 ssfflgazg’jn,
846 2238 886 2273 V.
914 2247 949 2281 p.
980 2237 1056 2272 262.
1089 2272 1093 2275 ,
