1519 2729
545 152 801 220 (ω)

98 299 168 342 hic
193 312 269 355 pro
289 298 610 354 persona-alium
636 297 785 349 habet,
822 305 864 339 et
887 291 990 337 illud
1030 296 1205 337 maxime

97 383 151 412 eo
192 369 394 423 ostendit,
439 369 466 412 fi
520 380 613 411 eum
648 368 766 424 juvat
803 368 844 409 in
890 365 1206 421 quibuscunque

97 439 223 482 caufis
249 439 388 481 licitis,

104 538 108 541 -
156 508 307 551 Verum
334 508 545 551 observare
577 506 726 557 liceat,
758 507 886 550 officia
911 504 1094 561 perfecta
1123 505 1207 560 pri-

98 579 223 619 marie
249 580 449 620 contineri
478 578 606 620 vetito
638 577 815 631 quodam
844 573 955 630 (1),
986 587 1210 630 quemcun-

97 661 179 702 que
214 650 320 690 enim
349 661 426 702 pro
453 648 624 702 persona
649 647 826 697 habere,
869 646 981 700 quidr
1000 643 1110 687 aliud
1137 645 1213 700 fig-

98 718 261 766 nificat,
290 719 360 760 nisi
390 730 477 759 eam
504 717 768 772 qualitatem,
811 729 930 771 quam
967 717 1010 758 in
1032 727 1085 758 eo
1111 726 1213 757 con-

98 787 319 839 spicimus,
361 789 570 839 venerari,
614 789 656 830 e‘t
698 786 811 844 quod
837 786 898 829 fas
923 797 985 827 est
1016 786 1209 829 intactam

103 855 271 897 servare.

104 951 106 953 ·
155 924 394 981 Officiorum
420 928 754 982 imperfectorum
781 939 923 970 contra
961 927 1211 982 principium

95 994 212 1050 jubet
240 995 376 1044 facta,
398 994 566 1051 jussum
595 999 762 1039 rationis
788 997 840 1038 ad.
871 996 1083 1052 agendum
1109 1007 1211 1038 con·

98 1066 229 1115 tinet,
259 1068 460 1121 praecipit
487 1068 611 1108 animi
639 1067 852 1122 quamdam
875 1067 1210 1121 ‘dispofitionen'b

97 1147 200 1189 quae
229 1136 466 1178 necessario*
483 1139 524 1178 in
552 1137 660 1179 facta
683 1139 848 1179 transire
874 1136 997 1179 debet
1026 1135 1123 1191 (2).

106 1234 117 1239 ·-
156 1204 222 1247 Ex
242 1205 355 1247 hisce
382 1208 632 1260 percipitur,
674 1220 757 1260 quo
785 1206 909 1248 modo
948 1208 1079 1256 ratio,
1110 1215 1215 1259 quae

98 1273 201 1315 nihil
239 1274 382 1329 jubere
420 1275 559 1329 posset
598 1277 672 1318 fibi
714 1288 971 1331 repugnans,
1012 1276 1210 1318 contrari·

100 1355 199 1392 um,
256 1355 324 1385 aut
362 1344 475 1397 quod
503 1344 588 1386 fieri
628 1358 703 1398 per
741 1359 875 1388 rerum
902 1357 1083 1388 naturam
1125 1357 1210 1386 non

100 1424 264 1467 potest,
309 1413 408 1456 haec
444 1416 571 1458 officia
608 1415 790 1468 perfecta
820 1412 1060 1470 (absblute)
1087 1414 1212 1456 iusse-

100 1484 183 1532 rit3
225 1484 279 1523 ita
321 1472 506 1532 scilicet,
543 1495 588 1525 ut
628 1483 764 1525 nullus
790 1487 960 1526 omnino
988 1485 1105 1527 detur
1142 1497 1208 1527 ca·

102 1553 194 1603 sus,
239 1554 279 1594 in
325 1566 409 1607 quo
448 1554 511 1596 his
548 1554 739 1609 refragari
775 1554 898 1598 liceat
934 1553 1030 1610 (3).

1127 1623 1215 1666 De-

149 1720 212 1767 (ι)
237 1725 258 1758 i.
283 1733 314 1759 e.
337 1724 552 1762 Abstinentifi.

147 1779 212 1824 (2)
239 1781 265 1815 K
280 1791 297 1813 a
311 1790 384 1822 nt,
407 1785 490 1818 Crit.
513 1784 606 1827 Mag.
631 1783 674 1818 D.
698 1784 754 1819 IV.
779 1795 817 1829 ρ,
839 1784 899 1820 162
923 1785 969 1827 sq.

147 1834 211 1881 (3)
236 1839 289 1871 De
312 1848 387 1881 jure
416 1850 500 1875 vero
523 1839 743 1881 necessitatis,
775 1841 865 1884 quod
891 1841 1034 1882 dicitur,
1069 1850 1135 1875 non
1163 1848 1215 1875 est

103 1893 193 1936 quod
223 1894 278 1926 hic
311 1894 528 1937 disputemus.
573 1897 660 1932 Talis
684 1898 789 1938 enim,
825 1899 884 1940 qui
912 1907 956 1931 eo
982 1897 1114 1932 adactus
1139 1906 1216 1938 est,

105 1958 142 1983 ut
178 1949 263 1983 nulla
301 1952 425 1984 ratione
455 1951 554 1994 majus
582 1952 746 1994 quoddam
769 1953 929 1997 aufugere
957 1953 1081 1997 possit,
1115 1954 1217 1989 incul-

97 2007 209 2051 pabile
232 2005 310 2049 quid
334 2017 398 2041 non
422 2008 556 2050 quidem
584 2008 683 2049 facit,
719 2009 776 2044 sed
795 2011 976 2055 impunibile
1009 2011 1142 2054 potius,
1179 2017 1218 2044 ut

104 2053 149 2095 ait¹
175 2062 200 2095 K
217 2071 233 2094 a
249 2072 269 2095 n
285 2071 296 2095 t
313 2063 320 2094 i
338 2073 357 2095 u
373 2074 409 2102 s,
435 2064 575 2109 Anhang
597 2076 659 2098 zur
679 2064 866 2110 Einleitung
890 2070 924 2100 in
951 2067 1002 2101 die
1036 2063 1216 2101 Rechtsleh-

105 2129 164 2157 re,
194 2127 228 2161 p.
261 2129 317 2162 42.
349 2120 448 2154 conf.
472 2122 570 2157 Cons.
605 2122 636 2154 G
652 2130 667 2154 r
683 2129 861 2164 atama,
892 2125 926 2158 in
953 2122 1090 2166 Dissert.
1113 2122 1216 2159 Laud.

105 2183 141 2219 p.
168 2174 242 2209 116.
