1519 2729
609 180 834 238 (29)

148 309 282 352 ditatis
312 313 377 354 sed
399 326 439 356 et
463 312 650 359 utilitatis
680 320 922 363 uberrimae.
954 348 1000 357 -
1030 324 1076 366 In
1104 339 1149 368 ea
1165 332 1275 373 enim

146 379 402 426 humanitatis
426 400 637 442 germanae
650 393 974 446 progressionem
992 395 1218 449 intuemur,
1234 414 1275 442 et

144 462 195 490 ex
209 463 255 492 ea
268 482 282 502 ‚
310 458 522 508 quomodo
539 472 666 514 genus
681 461 899 503 humanum
919 465 1099 507 universe
1116 469 1166 510 ad
1181 484 1275 513 eum

144 520 280 562 cultas
306 527 503 578 gradum,
550 543 634 583 quo
659 532 966 586 jamhabetur,
1012 543 1272 592 pervenerit,

141 591 457 638 animadvertere
486 597 600 640 licet.
661 598 761 654 Quo
776 604 903 659 magis
932 606 1066 659 itaque
1094 611 1277 656 virorum

142 662 430 707 excellentium
462 669 657 713 industria
689 673 815 713 varias
858 674 1146 730 philosophiae
1184 695 1276 734 par-

142 741 252 772 tes-a
282 733 321 774 se
351 736 527 778 invicem
555 739 748 782 discretas
777 754 818 782 et
843 745 1007 800 singulis
1035 747 1147 790 hisce
1172 765 1273 793 con-

139 811 285 853 gruum
323 804 450 847 veluti
493 809 639 851 orbem
676 812 921 867 adsignatum
962 817 1174 870 videmus,
1218 835 1271 864 eo

140 872 268 925 magis
289 885 427 916 verum
448 877 610 919 >cultum
639 892 679 921 et
708 883 979 928 eruditionem
1008 888 1175 932 adaucta
1203 905 1267 932 es·

138 937 179 979 se
209 941 495 986 concludendo
527 948 800 1005 colligamus,
829 957 994 997 necesse
1022 970 1096 1000 est.

195 1008 327 1051 Variis
382 1014 471 1055 sane
507 1019 668 1069 modis,
727 1021 972 1079 diversisque
1015 1030 1271 1082 temporibus

129 1076 218 1126 -hoc
246 1081 445 1134 perficere
470 1089 641 1142 aggressi
684 1091 773 1133 sunt
813 1095 988 1146 eruditi,
1035 1099 1160 1151 inque
1193 1113 1267 1141 eo-

133 1161 222 1189 rum
248 1156 462 1197 conamina
488 1158 690 1212 inquirere
719 1165 916 1205 maximae
937 1178 998 1207 est
1014 1197 1026 1215 ‚
1059 1182 1138 1221 qua
1162 1169 1266 1212 illud

134 1219 173 1259 se
190 1225 475 1275 commendat‚
508 1229 725 1282 utilitatisz,
757 1244 819 1273 est
842 1246 974 1275 tamen
990 1233 1264 1280 adolescentis

131 1291 286 1332 viribus
316 1305 357 1334 et
385 1297 642 1351 eruditione,
674 1302 700 1342 fi
732 1316 810 1356 qua
836 1305 901 1354 fit,
947 1305 1071 1361 longe
1111 1308 1264 1362 superi-

130 1372 191 1402 uS.
258 1363 336 1404 Ast
365 1365 434 1407 hic
463 1381 629 1423 quoque
655 1371 788 1412 valet:
822 1374 862 1414 in
902 1378 1056 1430 magnis
1085 1377 1263 1421 voluisse

131 1431 187 1472 sat
214 1445 288 1474 est.
340 1434 403 1476 Ea
431 1438 596 1491 itaque,
629 1454 733 1494 quae
762 1443 933 1485 dicenda
974 1446 1134 1498 habeo,
1181 1463 1260 1503 pro

129 1503 283 1544 viribus
314 1506 492 1555 tradam,
523 1511 654 1563 probe
683 1513 840 1563 sciens,
875 1514 962 1555 Vos
990 1519 1111 1560 etiam
1139 1519 1256 1575 Judi-

130 1575 225 1613 ces!
256 1576 314 1615 rei
342 1576 617 1621 difficultatem
649 1593 762 1623 recte
802 1586 1041 1638 percipere,
1087 1601 1127 1630 et
1157 1591 1259 1644 quid

129 1642 272 1698 valeat-
298 1646 567 1690 adolescentis
606 1652 824 1703 industria,
870 1655 936 1696 vel
978 1658 1050 1699 usu
1074 1659 1158 1714 jam
1195 1662 1257 1702 di-

129 1711 286 1754 dicisse.
399 1762 404 1768 ,

186 1781 232 1822 In
273 1784 354 1825 hoc
380 1787 504 1841 igitur
541 1789 691 1843 Capite
735 1793 912 1835 secundo
954 1796 1166 1841 tradendae
1192 1802 1254 1841 vi:-

125 1851 270 1894 dentur
308 1855 651 1910 philosophorum
686 1862 904 1904 sententiae
947 1865 998 1906 de
1028 1879 1166 1911 nostra
1193 1872 1256 1913 di-

123 1923 302 1973 visione3
336 1926 528 1978 primario
545 1940 677 1972 autem
704 1933 1001 1988 indagandum',
1033 1940 1196 1990 quando
1212 1953 1255 1983 et

123 2007 210 2048 quo
239 1995 409 2036 confilio
431 2009 477 2038 ea
510 2000 550 2039 in
582 2000 903 2055 Jurisprudentia
952 2008 1122 2051 naturali
1166 2014 1251 2064 pri-

122 2077 231 2107 mum
261 2065 383 2107 fuerit
424 2071 658 2122 propofita;
686 2059 743 2112 ¹in
774 2074 921 2126 quibus
960 2077 1249 2133 investigandis

122 2135 337 2178 tenendum
376 2148 466 2189 est,
511 2151 588 2182 nos
620 2141 781 2185 secutos
823 2145 908 2186 esse
949 2146 1155 2203 vulgarem
1195 2153 1247 2193 de

1166 2220 1245 2263 Of·
