1519 2729
550 183 804 243 (173)

127 335 353 379 congruum
389 324 489 378 juris
530 324 778 378 principium
817 325 943 378 posfit
983 321 1253 375 constituere4

126 394 384 435 vehementer
412 393 654 435 dubitamus,
721 393 838 449 Quot
878 395 984 435 enim
1015 392 1104 434 sunt
1140 394 1257 448 jura,

127 476 229 516 quae
250 474 360 504 recte
382 464 437 504 ita
459 463 675 512 edicuntur,
716 477 792 505 nec
823 474 953 504 tamen
990 476 1041 504 ex
1068 463 1157 517 jure
1185 462 1259 503 do·

127 534 242 573 minii
256 520 538 575 descendunt?
569 531 655 575 Nifi
673 534 842 574 dominii
869 532 1101 581 vocabulo,
1125 534 1264 574 omnia

127 603 446 662 comptehendas
473 603 560 658 jura
576 633 589 653 ,
622 615 724 657 quae
750 603 814 644 vel
842 603 892 644 ab
909 604 993 656 ipsa
1019 615 1159 644 natura
1185 603 1260 644 ho-

126 675 225 714 mini
254 674 341 716 sunt
371 675 550 724 tributa,
579 674 661 715 vel,
682 673 733 714 ab
763 686 816 714 eo
842 675 1064 727 acquisita,
1095 672 1160 716 sua
1185 685 1259 714 vo-

126 742 280 784 luntate
309 756 349 783 et
379 744 492 786 facto
517 744 740 785 aliorumve
769 743 1045 784 concesfione.

186 817 252 853 2⁰.
284 812 446 854 Deinde
475 815 675 867 optimum
702 812 816 855 usum
842 825 974 854 rerum
1005 824 1260 855 externarum

124 893 177 922 ex
210 881 302 936 lege
327 882 500 936 justitiae
529 895 570 923 et
597 883 821 932 bonitatis,
867 882 1013 937 (quam
1040 885 1094 923 ita
1123 883 1259 923 dicere

125 949 275 1004 liceat)
292 964 373 992 non
397 965 471 1005 per
497 952 626 993 solum
656 953 879 995 dominium
908 953 1015 1002 dari,
1045 965 1086 994 et
1111 953 1262 1006 probat

124 1023 183 1063 rei
214 1033 382 1072 natura,
413 1034 452 1063 et
481 1023 727 1063 vero'etiam
757 1022 1019 1074 experientia.

183 1090 321 1141 Dein,
367 1105 411 1133 ut
437 1093 609 1134 dominii
637 1103 776 1133 natura
807 1090 937 1145 qualis
980 1091 1048 1132 hic
1092 1092 1264 1145 requiri-

128 1175 218 1212 tur,
248 1175 299 1204 ex
331 1162 364 1204 F
381 1175 403 1203 e
421 1163 542 1204 deri
574 1163 767 1204 sententia
805 1163 937 1215 aptius
981 1160 1263 1215 intelligatur,

125 1244 253 1286 utque
290 1234 344 1273 ita
383 1232 578 1273 summum
616 1233 885 1285 principium,
912 1231 1025 1284 quod
1049 1232 1147 1271 tanti
1177 1243 1265 1271 mo-

129 1304 254 1343 menti
285 1309 353 1343 est'
373 1303 414 1342 iu
440 1315 578 1342 nostra
608 1300 824 1354 disciplina
867 1301 1068 1354 hujusque
1108 1300 1265 1354 disqui-

129 1375 267 1422 tione‚
312 1372 455 1415 melius
497 1373 777 1428 percipiatur,
816 1371 898 1414 hoc
925 1370 1086 1413 videtur
1113 1369 1259 1411 adden-

127 1443 238 1484 dum.

184 1510 378 1566 Requirit
411 1512 568 1555 scilicet
599 1512 668 1554 Fe
685 1511 879 1561 der-us,
925 1524 972 1552 ut
1009 1509 1119 1550 iilam
1148 1520 1231 1548 rem
1249 1537 1263 1559 ‚

128 1594 250 1636 quam
291 1584 383 1636 quis
420 1585 461 1623 in
496 1583 609 1624 suum
653 1581 876 1623 dominium
913 1580 1096 1634 redigere
1133 1578 1263 1628 velit,

131 1652 343 1693 cohaereat
371 1666 463 1694 cum
495 1654 630 1706 aliqua
657 1665 726 1701 re,
757 1664 859 1705 quae
896 1651 978 1704 jam
1007 1659 1067 1688 est
1109 1649 1148 1687 in
1189 1648 1266 1704 ᾀο-

131 1721 257 1762 n'iinio
283 1721 392 1763 illius
408 1753 421 1772 ,
451 1725 522 1777 qui
546 1736 633 1764 eam
659 1733 930 1774 occupaturus
956 1730 1044 1767 est,
1090 1728 1131 1757 et
1161 1717 1264 1758 adeo

132 1791 295 1843 quidem
324 1791 567 1840 cohaereat,
597 1802 642 1831 ut
669 1792 748 1832 {ine
779 1790 1020 1831 detrimento
1050 1788 1101 1828 ab
1140 1799 1191 1826 eo
1207 1786 1266 1826 se-

131 1862 259 1914 parari
287 1859 466 1914 amplius
509 1872 682 1914 nequeat
712 1858 807 1915 (1).
895 1857 1054 1901 Merito
1092 1856 1268 1898 dubitari

1186 1939 1263 1980 1³0-

176 2087 241 2134 (ι)
267 2091 376 2124 Multa
415 2089 465 2123 his
504 2088 654 2134 opposuit
695 2088 853 2128 Fiam,
897 2088 1006 2121 Verm.
1057 2086 1145 2129 1²2an
1198 2086 1264 2128 Ep.

134 2148 179 2183 11.
202 2157 237 2191 p.
267 2158 321 2191 99.
350 2147 500 2186 innota,
537 2145 719 2188 idemque,
755 2144 777 2179 si
808 2144 864 2177 5110
892 2142 1069 2177 coactionis
1102 2142 1176 2185 iure
1205 2142 1268 2174 ho·

133 2205 237 2238 mines
264 2211 418 2244 utantur,
456 2203 555 2236 multa
584 2203 615 2235 iu
634 2201 731 2252 'statu
758 2208 889 2234 naturae
927 2198 1100 2242 praevidet
1133 2198 1267 2237 damna,

629 2260 680 2301 Μ
1173 2253 1214 2288 od
1220 2255 1245 2287 ia
1257 2277 1268 2293 ‚
