1519 2729
617 178 840 234 (29)

171 308 409 365 spectabilis
436 313 481 354 fit
509 313 690 368 suprema
718 317 802 364 Dei
828 316 1048 374 sapientia,
1081 325 1303 371 caussarum

169 393 473 449 effectuumque
509 409 657 439 nexum
685 414 824 443 coram
864 404 983 445 vobis
1023 405 1305 452 demonstrem.

167 475 256 520 ‘Sed
293 477 490 532 rogabitis
529 479 722 533 forsitan,
768 484 838 538 qui
868 485 1021 529 factum
1050 489 1122 540 fit,
1153 504 1198 533 ut
1235 495 1306 547 qui

114 587 118 589 .
167 557 213 605 Qin
242 560 370 611 priori
396 562 609 614 republica
635 567 819 608 animunf
861 571 1110 614 ostenderint
1150 588 1172 615 a
1207 576 1306 617 Mo-

163 640 275 682 saica
301 642 501 698 religione
529 646 735 700 alienum,
767 650 891 693 iidem
921 654 962 693 in
992 655 1205 708 republica
1244 660 1306 699 in-

163 722 362 775 staurata,
395 730 577 780 quamvis
608 730 699 772 suae
725 733 914 789 religioni
954 737 1214 782 addictissimi
1243 754 1305 783 es-

170 806 284 858 sent,
316 820 399 850 non
424 811 494 853 nifi
521 825 663 865 parum
696 826 827 858 tamen
857 819 1150 872 patefecerint,
1180 838 1306 878 quam

166 901 216 930 ea
256 892 338 932 vim
377 892 544 934 haberet
569 897 610 936 in
643 896 947 959 saluberrimum
975 904 1145 946 studium
1172 907 1304 949 hono-

158 973 235 1017 ,ris.
296 972 410 1028 Quid
438 978 580 1019 enim?
621 980 828 1033 inquietis.
889 984 1049 1038 Nonne
1084 989 1304 1033 admodum

144 1055 386 1107 *mii-emur,
442 1059 483 1098 in
525 1071 632 1102 tanta
674 1063 826 1117 spretae
877 1068 1046 1113 antehac
1092 1072 1305 1127 religionis

159 1141 424 1181 ,veneratione
453 1154 671 1197 numquam
698 1147 748 1188 ad
776 1150 993 1201 pristinum
1031 1150 1167 1196 decus
1185 1156 1302 1199 effer-

157 1233 207 1267 se
237 1222 277 1262 se
305 1224 486 1275 potuisse
511 1225 793 1271 Hebraeorum
823 1234 992 1285 poesin,
1038 1249 1172 1291 eoque
1215 1251 1301 1282 tan⁴

164 1304 255 1350 dem
276 1305 462 1360 delapsos
488 1308 613 1352 fuisse
635 1311 745 1365 ipsos
760 1343 773 1362 ‚
807 1326 850 1354 ut
877 1315 1185 1360 destructamin
1207 1334 1302 1375 per·

159 1399 330 1441 petuum
357 1380 539 1431 viderent
575 1395 746 1446 patriam
775 1407 816 1437 et
855 1397 1103 1453 sempiterno
1130 1402 1299 1448 aliarum

161 1473 344 1530 gentium
370 1477 597 1517 contemtui
626 1477 937 1532 objicerentur?
978 1482 1063 1534 At,
1109 1486 1158 1527 de
1185 1489 1297 1541 poesi

160 1566 212 1595 ne
237 1555 336 1609 quid
365 1556 497 1605 dicam
517 1588 530 1607 ‚
561 1572 666 1612 quae
684 1590 696 1610 ,
743 1575 838 1603 cum
867 1563 1006 1620 lingua
1039 1571 1149 1610 omni
1179 1572 1298 1626 vigo-

99 1684 103 1688 *
159 1649 203 1686 re
251 1638 371 1691 plena
411 1640 592 1692 faveret,
638 1643 815 1686 feliciter
867 1658 908 1687 et
953 1650 1160 1702 praeclare
1209 1654 1296 1698 coli

159 1722 364 1774 quondam
395 1723 445 1763 ab
475 1725 523 1764 iis
548 1728 758 1788 potuerit,
791 1741 894 1781 quos
920 1741 1035 1773 amor
1068 1734 1297 1780 ,inflamma-

158 1815 220 1846 ret
240 1804 476 1860 religionis,
510 1806 578 1848 sed
600 1818 724 1862 quam
747 1809 832 1852 sola
865 1813 1013 1869 religio
1051 1828 1134 1858 non
1177 1819 1311 1861 susti·

158 1897 300 1936 neret,
333 1887 403 1928 ubi
429 1888 590 1943 linguae
618 1891 810 1934 deficeret
850 1895 1091 1938 subsidium:
1134 1901 1218 1953 ipsa
1246 1911 1294 1946 ea

157 1968 328 2023 religio,
359 1974 613 2023 quantumvis
641 1974 834 2029 deinceps
867 1977 1048 2021 adamata
1072 1993 1114 2022 et
1142 1984 1192 2024 ab
1223 1998 1295 2029 ex-

159 2062 264 2092 terae
289 2054 556 2105 perversitatis
585 2059 832 2112 contagione
862 2061 1077 2117 iminuni5‚
1108 2078 1191 2108 non
1211 2082 1291 2122 Ρη..

128 2141 131 2144 ’
156 2147 200 2177 ra
225 2135 432 2185 eratilla,
465 2150 586 2190 quam
612 2137 804 2181 divinitus
834 2141 996 2185 dederat
1025 2146 1196 2200 Moses,
1221 2151 1288 2195 sed

157 2213 377 2263 deformata
418 2220 515 2274 eJ'us,
547 2221 732 2275 specie53
781 2224 1044 2282 ejusdemque
1074 2232 1286 2286 *impensus

1174 2328 1236 2360 ain
1242 2330 1288 2361 01·
