1519 2729
1228 176 1255 221 ‘v

125 322 190 365 nie
228 308 460 377 expedirem
480 322 510 373 ‚‘'
536 308 733 362 nescirem
761 309 881 375 p²la³ne
898 334 912 371 3
932 308 1078 360 'hovae
1102 320 1251 362 iterum

74 389 76 392 ’
123 393 311 434 tenebrae
329 423 342 440 ‚
375 394 514 433 iterata
539 387 580 431 et‘
609 391 735 450 veluti
764 403 910 432 novata
939 377 1251 443 persuafio‚'me

123 475 182 504 m
205 462 533 516 philosophicis
528 461 693 503 rebus·
706 462 763 502 nil
799 463 1017 515 quicquam
1044 459 1177 500 valere
1207 483 1252 496 -

121 535 374 588 propositum
420 533 501 587 jam
542 532 781 586 reliqueram
809 533 913 572 vires
941 542 1046 570 meas
1076 535 1251 582 unquam

121 605 162 645 in
200 604 312 645 hisce
351 592 497 647 studiis
528 590 694 645 ulterius
734 600 985 655 explorandi.
1056 598 1113 640 At
1154 612 1252 640 vero

120 682 214 728 apta
232 676 406 717 accessit
430 673 654 722 institutio,
698 684 771 725 per
790 684 959 725 quan1‚·
987 670 1059 710 nifi
1089 670 1252 722 prorsus

121 744 298 785 refectus
339 743 434 792 fim,
484 756 626 797 magna
671 749 802 782 tamen
846 741 940 782 lux
956 741 1056 781 mihi
1106 739 1255 780 Oborta

120 822 209 860 estz,
254 811 348 853 huic
389 813 510 867 igitur
545 815 668 854 unice
701 819 856 867 gratum
894 811 1055 852 refero
1067 810 1093 850 fi
1139 810 1254 863 quid·

121 893 244 934 quam
269 882 308 920 in
336 882 448 922 hisce
478 882 754 924 consarcinare
777 883 992 936 potuerim.

177 949 244 990 Ad
284 963 387 1003 opus
425 952 555 1004 ipsum
600 965 698 992 vero
727 952 936 993 accedenti
965 945 1005 991 id
1031 950 1250 1004 praecipue

120 1019 332 1075 confilium
373 1021 473 1061 mihi
514 1019 1162 1077 videbatui-,quaestioni'inesse2
1202 1027 1249 1059 ut

121 1089 369 1138 traderetur,
400 1104 592 1143 quaenam
624 1090 964 1145 philosophorum
995 1089 1044 1129 de
1072 1088 1254 1142 gravissi-

110 1171 184 1216 -ma
226 1159 294 1200 illa
337 1161 646 1215 distinctione„
671 1175 746 1214 qua
791 1161 921 1202 officia
950 1160 1138 1201 dicuntur
1163 1170 1256 1211 per-

118 1229 226 1271 fecta
268 1231 331 1271 vel
372 1232 609 1286 imperfecta
638 1232 787 1273 fuerint
827 1231 1074 1278 sententiae,
1127 1240 1255 1281 utque

81 1337 86 1340 .
119 1300 406 1353 dijudicaretur
456 1303 553 1355 quid
605 1304 679 1343 hac
723 1302 786 1342 de‘
826 1315 868 1341 re
905 1303 950 1343 fit
989 1298 1251 1340 statuendum.

118 1368 326 1412 Historica
375 1384 472 1431 vero
518 1373 685 1425 quadam
729 1374 884 1425 ratione
940 1383 1033 1411 cum
1070 1368 1254 1423 quaestio

118 1434 219 1480 mihi
247 1442 450 1482 videretur
494 1456 722 1496 concepta,
749 1455 871 1482 .nova
916 1441 1168 1482 accesserunt
1203 1437 1256 1478 ad

118 1511 224 1550 vires
261 1511 526 1563 experiundas
554 1513 842 1561 invitamenm
876 1512 976 1552 illud
1017 1512 1120 1550 enim
1153 1508 1253 1548 sem-

120 1592 194 1632 per
218 1580 275 1620 sin
315 1581 534 1633 studiorum
574 1583 732 1624 deliciis
773 1582 924 1630 habui,
972 1581 998 1622 fi
1041 1579 1255 1633 explorare

120 1649 260 1690 liceret
287 1664 478 1703 quaenam
506 1652 811 1706 disciplinarum
837 1654 1062 1703 artiumque
1102 1650 1253 1691 fuerint

121 1718 228 1767 fata,
260 1722 469 1772 quomodo
497 1723 546 1764 ad
575 1723 697 1764 decus
727 1723 865 1771 suum,
897 1735 980 1774 quo
1010 1721 1132 1760 hodie
1155 1732 1253 1773 gau·

120 1788 237 1837 dent,
270 1790 341 1830 {int
367 1791 590 1841 adductae,
636 1792 763 1832 verbo
795 1818 838 1826 --
870 1790 1080 1844 quomodo
1108 1789 1254 1832 altiora

121 1860 320 1899 continuo
361 1861 523 1912 petierit
553 1872 678 1913 genus
714 1862 952 1911 humanum,
998 1872 1038 1901 et
1065 1872 1256 1915 progres-

121 1927 204 1968 sum
229 1929 274 1969 fit
295 1928 342 1968 ad
371 1929 681 1981 perfectionem.
742 1931 891 1986 Quoad
918 1945 991 1985 per
1019 1933 1122 1972 vires
1147 1942 1253 1971 meas

120 1997 264 2045 licuit,
310 1997 410 2038 illud
451 2000 634 2054 persequi
664 2000 747 2040 sum
774 1990 942 2043 conatus
985 2004 1024 2041 in
1059 2002 1254 2042 historica

119 2066 189 2107 illa
213 2068 416 2108 divisionis
432 2079 591 2108 nostrae
620 2071 898 2121 expositione,
928 2085 1045 2124 quam
1072 2073 1109 2116 in
1128 2071 1254 2123 Capi,

55 2171 61 2178 ,
121 2148 160 2177 te
219 2137 409 2178 Secundo
453 2139 624 2188 tradidi3
685 2140 733 2179 de
775 2143 883 2181 notis
924 2155 1050 2190 vero,
1107 2143 1255 2194 quibus

122 2206 252 2254 officia
276 2206 458 2261 perfecta
496 2208 546 2253 ab
576 2210 826 2266 imperfectis
856 2211 1100 2267 distinguere
1139 2213 1256 2259 labo-

1192 2293 1252 2327 ra*
