1519 2729
691 151 939 206 (100)

261 293 431 346 systeina'
471 291 675 339 naturale,
721 302 839 344 quam
880 293 921 333 hi
955 293 1030 333 viri
1055 291 1372 344 praestantissimi

258 364 555 411 exhibuer'unt,
599 374 679 403 non
709 360 834 402 solum
862 363 994 414 quoad
1023 362 1225 414 principes
1257 361 1375 414 hujus

261 433 499 481 divisiones,
546 422 623 473 sed'
644 433 760 473 etiam
786 435 920 484 quoad
954 433 1235 479 fundamenta,
1285 432 1375 484 qui-

264 504 337 543 bus
377 515 445 542 eae
476 502 760 555 superstructae
796 502 912 552 sunt,
960 504 999 542 in
1041 502 1265 543 universum
1295 515 1377 541 am·

260 572 371 625 plexi
414 583 454 612 et
483 572 605 613 secuti
636 572 723 612 sunt
752 571 968 622 Botanici‚
1013 583 1108 625 post
1131 572 1225 612 illos
1252 572 1292 611 in
1320 570 1378 610 se-

260 641 390 682 cunda
442 642 559 695 hujus
607 643 957 682 commentationis
997 653 1109 695 parte
1153 642 1377 682 memorati.

261 711 399 763 Itaque
426 712 541 750 tertia
569 709 699 751 clasfis
723 710 1008 762 systematum,
1050 712 1098 753 de
1124 712 1271 765 quibus
1297 711 1378 751 hoc

260 779 358 820 loco
398 781 556 834 agitur,
602 780 817 826 omnibus,
863 795 964 835 quae
1004 782 1070 822 hic
1099 781 1380 823 consideranda

262 849 376 899 sunt,
408 851 482 890 rite
507 849 737 902 ponderatis
768 861 807 890 et
839 853 1107 905 comparatis,
1155 864 1248 892 meo
1274 851 1379 905 judi-

262 919 357 966 cio,
390 917 643 972 subjiciendo
674 931 831 968 tamen,
863 934 906 962 ut
934 923 1077 969 decet,
1124 922 1284 962 arbitris
1316 931 1380 961 me

262 987 405 1028 melius
433 988 630 1029 instructis
643 1007 659 1037 5
693 1002 828 1031 revera
855 992 1080 1032 reducenda
1107 1004 1166 1032 cst
1197 993 1380 1032 adunam

264 1059 498 1098 methodum
523 1057 588 1112 Ju
606 1071 623 1098 s
638 1059 718 1099 sie
734 1074 793 1101 ve
809 1075 829 1101 a
846 1076 899 1103 m.
962 1062 1257 1115 Subsequentcs
1273 1064 1381 1101 enim

266 1127 453 1169 Botanici
484 1141 569 1169 eam
602 1131 863 1180 methodum,
911 1133 1080 1185 quisque
1109 1145 1185 1185 pro
1214 1133 1291 1172 suis
1321 1133 1381 1171 vi-

263 1199 374 1239 ribus
403 1212 443 1240 et
470 1200 630 1241 videndi
660 1202 790 1242 modis
825 1201 1083 1242 solummodo
1119 1204 1158 1241 in
1198 1201 1381 1242 subordi-

263 1270 365 1310 natis
391 1270 476 1323 ejus
505 1269 797 1320 divisionibus4
819 1274 959 1325 parva
988 1285 1079 1313 cum
1107 1273 1350 1324 exceptione
1367 1302 1380 1321 ‚

261 1351 586 1388 commutarunt,
619 1341 914 1393 amplificarunt
937 1353 977 1382 et
1006 1342 1278 1383 emendarunt.
1312 1340 1381 1381 Sic

263 1409 546 1464 Voigtius
573 1421 612 1449 et
639 1411 966 1459 Casselius‚
1006 1409 1128 1452 zimbo
1159 1411 1378 1459 Germani,

263 1481 302 1520 in
331 1479 494 1520 familiis
519 1480 699 1520 methodi
736 1480 832 1534 Jus
851 1481 991 1521 sievi
1021 1481 1154 1533 plures
1191 1493 1380 1534 augmen-

263 1549 434 1588 tationes
462 1550 841 1604 emendationesque
870 1549 1088 1591 intulerunt
1105 1582 1118 1600 ‚
1150 1553 1227 1592 {inc
1249 1563 1378 1591 tamen

263 1631 476 1671 propterea
514 1620 737 1661 universum
783 1621 952 1672 systema
992 1620 1277 1674 amplificando
1314 1620 1382 1660 vel

262 1687 538 1736 emendando,
583 1690 637 1729 ita
660 1701 704 1730 ut
726 1692 794 1730 vix
823 1702 863 1730 et
891 1703 940 1730 ne
980 1692 1047 1731 vix
1083 1691 1244 1743 quidem
1284 1704 1379 1745 pos-

265 1756 337 1795 fint
359 1760 586 1817 computari
614 1761 716 1800 inter
744 1774 842 1810 cos,
875 1761 945 1814 qui
973 1761 1207 1802 methodum
1246 1761 1379 1802 lauda-

264 1836 343 1866 tam
399 1827 642 1869 adauxerunt
694 1831 810 1883 eique
848 1843 984 1872 revera
1027 1831 1282 1885 profuerunt.
1341 1829 1378 1871 E

261 1899 466 1937 contrario
493 1897 529 1938 C
546 1912 567 1939 a
581 1912 606 1939 n
623 1899 648 1940 d
665 1899 746 1941 011
764 1903 776 1941 i
794 1915 817 1942 u
834 1916 851 1941 s
867 1932 879 1950 ‚
911 1913 955 1942 ut
981 1914 1002 1941 e
1017 1902 1131 1955 supra
1150 1901 1380 1942 memoratis

262 1966 398 2006 videre
425 1967 552 2018 licet,
597 1969 780 2022 plurimis
809 1973 938 2025 iisque
967 1974 1122 2013 eximiis
1150 1972 1379 2012 mutationi-

264 2035 337 2075 bus
375 2049 415 2077 et
453 2038 730 2079 additamentis
759 2042 885 2095 ipsam
921 2041 1142 2095 plantarum
1172 2040 1378 2082 clasfifica-

265 2107 441 2155 tionem,
485 2122 505 2148 a
533 2109 555 2162 J
569 2124 593 2150 u
612 2111 828 2153 ssievis
868 2112 1135 2153 introductam
1170 2123 1210 2150 et
1238 2111 1378 2151 condi-

264 2186 370 2226 tam,
415 2177 573 2231 adjecta
610 2182 729 2222 etiam
766 2183 1068 2236 comparatione
1097 2181 1377 2224 fructificatio-

1317 2265 1378 2293 ms
