1519 2729
714 182 938 246 (74)

432 336 1214 416 sacrzorfiarsd

420 569 634 614 QUOMODO
664 570 747 602 HAc
778 568 992 601 D1v1s1ONE
1019 570 1118 599 usus
1149 566 1224 599 EST

518 640 699 672 SAMUEL
729 626 1116 671 PUFEt'imothws?
1143 668 1152 683 ι

266 901 434 1018 Quae
482 948 729 994 Grotius
773 950 987 992 tradiderat
1023 950 1151 1004 prima
1176 951 1216 991 in
1244 927 1388 991 nostra'

262 1031 349 1060 arte
385 1020 588 1074 praeclara
623 1022 762 1071 initia,
803 1021 906 1062 alios
935 1021 984 1063 ad
1011 1019 1379 1075 philosophandum

260 1090 488 1141 adduxere,
518 1092 558 1131 in
585 1090 731 1144 quibus
759 1090 923 1143 plurimi
947 1101 1187 1139 cernuntur,
1218 1090 1289 1143 qui
1306 1088 1379 1129 fin-

235 1215 238 1218 *
259 1159 391 1214 gulari
426 1162 626 1202 rerumin
656 1162 781 1213 patria
810 1161 875 1201 sua
900 1159 1138 1202 conditione
1161 1157 1380 1218 movebanf

261 1238 339 1269 tur.
383 1251 419 1262 —-
463 1229 531 1270 Sic
572 1228 853 1270 Seldenus
889 1229 938 1269 de
965 1229 1062 1270 mari
1092 1228 1228 1270 clauso
1254 1227 1380 1281 scrip-

257 1298 334 1348 fit‚
364 1299 667 1352 opportunitate
695 1299 1027 1353 disceptationis,
1070 1299 1120 1340 de
1146 1299 1245 1354 Jure
1266 1309 1378 1339 com·

258 1370 399 1410 mercii
427 1368 556 1410 Indici
595 1370 698 1410 inter
738 1367 927 1424 Anglos‚
965 1367 1175 1423 ‘Hispanos
1207 1380 1248 1409 et
1283 1377 1378 1408 nos-

258 1447 392 1478 trates.
432 1437 731 1483 Hobbesiu
748 1452 792 1488 s,
824 1450 868 1480 ut
884 1439 1081 1480 libertatis
1107 1439 1281 1486 sensum,
1309 1437 1380 1489 qui

257 1506 393 1547 turbas
419 1508 579 1560 quasvis
606 1509 782 1549 excitare
796 1509 867 1562 ipfi
893 1508 1126 1558 videbatur,
1152 1510 1192 1549 in
1208 1506 1380 1563 popula-

256 1577 369 1618 ribus
403 1575 481 1618 suis
521 1578 746 1628 minueret,
791 1590 916 1632 utque
949 1580 1055 1633 regis
1079 1588 1242 1633 augeret
1267 1589 1383 1618 reve-

257 1647 453 1696 rentiam,
508 1645 574 1688 sua
614 1647 785 1700 protulit
825 1650 866 1688 in
909 1647 1122 1701 disciplina
1159 1658 1310 1688 nostra.
1346 1660 1382 1683 -.·

259 1714 417 1757 Prodiit
447 1716 602 1758 tandem
634 1716 1089 1768 PufendorfiuS,
1121 1719 1190 1771 qui
1217 1716 1288 1771 Jus
1312 1727 1380 1757 na-

261 1793 372 1827 turae
413 1788 565 1840 primus
601 1786 768 1840 publice
811 1787 991 1829 doceret.
1035 1807 1082 1818 —
1124 1785 1228 1840 Ejus
1269 1785 1379 1826 varia

263 1856 413 1911 scripta
442 1856 656 1898 admodum
687 1855 1061 1910 reprehensionibus
1102 1853 1281 1896 obnoxia
1318 1852 1380 1894 vi-

264 1926 487 1977 debantur,
519 1927 586 1968 sed
612 1927 676 1967 vel
704 1929 756 1969 iic
785 1940 916 1970 tamen
950 1938 1109 1969 nostrae
1145 1923 1383 1979 disciplinae

265 1995 435 2038 studium
473 1998 646 2038 maxime
696 2010 903 2040 auxerunt.
944 2017 979 2026 —
1021 1996 1177 2038 Primus
1211 1995 1288 2037 fuit
1312 1993 1385 2046 qui

265 2065 337 2120 Jus
379 2081 540 2109 naturae
581 2067 802 2123 separatum
837 2083 859 2110 a
881 2069 970 2124 jure
999 2066 1197 2122 publico,
1228 2075 1268 2105 et
1304 2062 1385 2104 ser-

271 2148 367 2177 vato
395 2135 680 2188 systhematico
722 2140 862 2179 ordine
892 2139 1098 2185 tractavit,
1140 2146 1181 2175 et
1203 2134 1386 2188 quamvis

273 2205 395 2250 multa
427 2206 466 2249 G
483 2219 542 2248 ro
560 2209 645 2251 tio
675 2209 838 2260 debeat,
870 2221 910 2251 et
938 2209 979 2249 in
1005 2206 1189 2262 pluribus
1214 2203 1386 2246 aliorum

1303 2273 1388 2314 sen-
1454 2295 1466 2307 ι
