<?xml version="1.0" encoding="UTF-8"?>
<!DOCTYPE html PUBLIC "-//W3C//DTD XHTML 1.0 Transitional//EN"
    "http://www.w3.org/TR/xhtml1/DTD/xhtml1-transitional.dtd">
<html xmlns="http://www.w3.org/1999/xhtml" xml:lang="en" lang="en">
 <head>
  <title>
</title>
<meta http-equiv="Content-Type" content="text/html;charset=utf-8" />
  <meta name='ocr-system' content='tesseract 3.04.00' />
  <meta name='ocr-capabilities' content='ocr_page ocr_carea ocr_par ocr_line ocrx_word'/>
</head>
<body>
  <div class='ocr_page' id='page_1' title='image "annalesacademiae22acad_0699.png"; bbox 0 0 1519 2729; ppageno 0'>
   <div class='ocr_carea' id='block_1_1' title="bbox 544 140 795 203">
    <p class='ocr_par' dir='ltr' id='par_1_1' title="bbox 544 140 795 203">
     <span class='ocr_line' id='line_1_1' title="bbox 544 140 795 203; baseline -0.008 0"><span class='ocrx_word' id='word_1_1' title='bbox 544 140 795 203; x_wconf 65' lang='lat'>(6‘9)</span> 
     </span>
    </p>
   </div>
   <div class='ocr_carea' id='block_1_2' title="bbox 96 280 1251 1862">
    <p class='ocr_par' dir='ltr' id='par_1_2' title="bbox 96 280 1251 1862">
     <span class='ocr_line' id='line_1_2' title="bbox 125 280 1247 337; baseline 0.002 -14"><span class='ocrx_word' id='word_1_2' title='bbox 125 281 243 323; x_wconf 83' lang='lat' dir='ltr'>betur</span> <span class='ocrx_word' id='word_1_3' title='bbox 270 292 369 329; x_wconf 78' lang='lat' dir='ltr'>vero</span> <span class='ocrx_word' id='word_1_4' title='bbox 406 281 519 324; x_wconf 88' lang='lat' dir='ltr'>alteri</span> <span class='ocrx_word' id='word_1_5' title='bbox 562 282 666 326; x_wconf 86' lang='lat' dir='ltr'>bene</span> <span class='ocrx_word' id='word_1_6' title='bbox 693 283 858 336; x_wconf 86' lang='lat' dir='ltr'>facere;</span> <span class='ocrx_word' id='word_1_7' title='bbox 907 280 1042 325; x_wconf 77' lang='lat' dir='ltr'>omitti</span> <span class='ocrx_word' id='word_1_8' title='bbox 1083 283 1247 337; x_wconf 83' lang='lat' dir='ltr'>quidem</span> 
     </span>
     <span class='ocr_line' id='line_1_3' title="bbox 125 350 1247 409; baseline 0.003 -17"><span class='ocrx_word' id='word_1_9' title='bbox 125 350 226 393; x_wconf 89' lang='lat' dir='ltr'>haec</span> <span class='ocrx_word' id='word_1_10' title='bbox 255 364 337 393; x_wconf 91' lang='lat' dir='ltr'>non</span> <span class='ocrx_word' id='word_1_11' title='bbox 365 351 536 405; x_wconf 86' lang='lat' dir='ltr'>possunt</span> <span class='ocrx_word' id='word_1_12' title='bbox 565 354 636 401; x_wconf 80' lang='lat' dir='ltr'>nifi</span> <span class='ocrx_word' id='word_1_13' title='bbox 665 355 841 397; x_wconf 82' lang='lat' dir='ltr'>caritatis</span> <span class='ocrx_word' id='word_1_14' title='bbox 867 352 1005 409; x_wconf 86' lang='lat' dir='ltr'>regula</span> <span class='ocrx_word' id='word_1_15' title='bbox 1042 352 1247 404; x_wconf 85' lang='lat' dir='ltr'>violetur·,</span> 
     </span>
     <span class='ocr_line' id='line_1_4' title="bbox 123 418 1249 479; baseline 0.004 -19"><span class='ocrx_word' id='word_1_16' title='bbox 123 418 194 461; x_wconf 85' lang='lat' dir='ltr'>sed</span> <span class='ocrx_word' id='word_1_17' title='bbox 224 433 270 462; x_wconf 87' lang='lat' dir='ltr'>ea</span> <span class='ocrx_word' id='word_1_18' title='bbox 294 422 456 463; x_wconf 89' lang='lat' dir='ltr'>omisfio</span> <span class='ocrx_word' id='word_1_19' title='bbox 481 434 564 463; x_wconf 90' lang='lat' dir='ltr'>non</span> <span class='ocrx_word' id='word_1_20' title='bbox 588 424 734 479; x_wconf 83' lang='lat' dir='ltr'>injusta</span> <span class='ocrx_word' id='word_1_21' title='bbox 760 436 851 475; x_wconf 86' lang='lat' dir='ltr'>est,</span> <span class='ocrx_word' id='word_1_22' title='bbox 880 424 923 465; x_wconf 90' lang='lat' dir='ltr'>id</span> <span class='ocrx_word' id='word_1_23' title='bbox 948 434 1009 464; x_wconf 90' lang='lat' dir='ltr'>est</span> <span class='ocrx_word' id='word_1_24' title='bbox 1033 432 1115 465; x_wconf 89' lang='lat' dir='ltr'>non</span> <span class='ocrx_word' id='word_1_25' title='bbox 1145 431 1249 479; x_wconf 83' lang='lat' dir='ltr'>pug-</span> 
     </span>
     <span class='ocr_line' id='line_1_5' title="bbox 122 490 1249 549; baseline 0.004 -19"><span class='ocrx_word' id='word_1_26' title='bbox 122 500 193 530; x_wconf 81' lang='lat' dir='ltr'>nat</span> <span class='ocrx_word' id='word_1_27' title='bbox 234 504 327 533; x_wconf 89' lang='lat' dir='ltr'>cum</span> <span class='ocrx_word' id='word_1_28' title='bbox 354 492 444 546; x_wconf 89' lang='lat' dir='ltr'>jure</span> <span class='ocrx_word' id='word_1_29' title='bbox 479 493 595 547; x_wconf 86' lang='lat' dir='ltr'>ejus,</span> <span class='ocrx_word' id='word_1_30' title='bbox 637 496 802 547; x_wconf 87' lang='lat' dir='ltr'>quicum</span> <span class='ocrx_word' id='word_1_31' title='bbox 825 495 1037 549; x_wconf 83' lang='lat' dir='ltr'><strong>negotium</strong></span> <span class='ocrx_word' id='word_1_32' title='bbox 1063 505 1124 534; x_wconf 90' lang='lat' dir='ltr'>est</span> <span class='ocrx_word' id='word_1_33' title='bbox 1152 490 1249 547; x_wconf 80' lang='lat'>(1).</span> 
     </span>
     <span class='ocr_line' id='line_1_6' title="bbox 177 559 1248 618; baseline 0.005 -16"><span class='ocrx_word' id='word_1_34' title='bbox 177 559 248 602; x_wconf 84' lang='lat' dir='ltr'>Ex</span> <span class='ocrx_word' id='word_1_35' title='bbox 271 561 355 603; x_wconf 85' lang='lat' dir='ltr'>sola</span> <span class='ocrx_word' id='word_1_36' title='bbox 382 575 550 617; x_wconf 88' lang='lat' dir='ltr'>quoque</span> <span class='ocrx_word' id='word_1_37' title='bbox 579 565 832 617; x_wconf 79' lang='lat' dir='ltr'>aptitudine,</span> <span class='ocrx_word' id='word_1_38' title='bbox 877 563 989 618; x_wconf 88' lang='lat' dir='ltr'>quod</span> <span class='ocrx_word' id='word_1_39' title='bbox 1024 563 1088 618; x_wconf 85' lang='lat' dir='ltr'>jus</span> <span class='ocrx_word' id='word_1_40' title='bbox 1115 564 1248 607; x_wconf 77' lang='lat' dir='ltr'>minus</span> 
     </span>
     <span class='ocr_line' id='line_1_7' title="bbox 119 631 1249 687; baseline 0.004 -15"><span class='ocrx_word' id='word_1_41' title='bbox 119 633 288 684; x_wconf 76' lang='lat' dir='ltr'>proprie</span> <span class='ocrx_word' id='word_1_42' title='bbox 316 632 492 684; x_wconf 85' lang='lat' dir='ltr'>dicitur,</span> <span class='ocrx_word' id='word_1_43' title='bbox 523 646 567 676; x_wconf 90' lang='lat' dir='ltr'>ut</span> <span class='ocrx_word' id='word_1_44' title='bbox 594 636 650 676; x_wconf 81' lang='lat' dir='ltr'>ait</span> <span class='ocrx_word' id='word_1_45' title='bbox 677 644 817 675; x_wconf 88' lang='lat' dir='ltr'>noster</span> <span class='ocrx_word' id='word_1_46' title='bbox 844 631 953 687; x_wconf 65' lang='grc' dir='ltr'>(α),</span> <span class='ocrx_word' id='word_1_47' title='bbox 997 646 1081 675; x_wconf 90' lang='lat' dir='ltr'>non</span> <span class='ocrx_word' id='word_1_48' title='bbox 1119 635 1249 676; x_wconf 78' lang='lat' dir='ltr'>oritur</span> 
     </span>
     <span class='ocr_line' id='line_1_8' title="bbox 124 703 1251 757; baseline 0.004 -16"><span class='ocrx_word' id='word_1_49' title='bbox 124 713 262 742; x_wconf 87' lang='lat' dir='ltr'>verum</span> <span class='ocrx_word' id='word_1_50' title='bbox 292 703 517 745; x_wconf 86' lang='lat' dir='ltr'>dominium</span> <span class='ocrx_word' id='word_1_51' title='bbox 551 718 598 746; x_wconf 85' lang='lat' dir='ltr'>ac</span> <span class='ocrx_word' id='word_1_52' title='bbox 628 703 798 757; x_wconf 86' lang='lat' dir='ltr'>proinde</span> <span class='ocrx_word' id='word_1_53' title='bbox 838 703 948 744; x_wconf 87' lang='lat' dir='ltr'>nulla</span> <span class='ocrx_word' id='word_1_54' title='bbox 987 704 1251 745; x_wconf 75' lang='lat' dir='ltr'>restitutionis</span> 
     </span>
     <span class='ocr_line' id='line_1_9' title="bbox 125 770 1249 826; baseline 0.004 -16"><span class='ocrx_word' id='word_1_55' title='bbox 125 770 359 825; x_wconf 81' lang='lat' dir='ltr'>obligatio,</span> <span class='ocrx_word' id='word_1_56' title='bbox 403 774 497 826; x_wconf 80' lang='lat' dir='ltr'>quia</span> <span class='ocrx_word' id='word_1_57' title='bbox 538 787 621 816; x_wconf 90' lang='lat' dir='ltr'>non</span> <span class='ocrx_word' id='word_1_58' title='bbox 662 773 703 814; x_wconf 91' lang='lat' dir='ltr'>id</span> <span class='ocrx_word' id='word_1_59' title='bbox 748 772 870 815; x_wconf 82' lang='lat' dir='ltr'>alicui</span> <span class='ocrx_word' id='word_1_60' title='bbox 911 771 1029 815; x_wconf 83' lang='lat' dir='ltr'><strong>suum&#39;</strong></span> <span class='ocrx_word' id='word_1_61' title='bbox 1064 785 1152 823; x_wconf 85' lang='lat' dir='ltr'>est,</span> <span class='ocrx_word' id='word_1_62' title='bbox 1197 772 1249 815; x_wconf 81' lang='lat' dir='ltr'>ad</span> 
     </span>
     <span class='ocr_line' id='line_1_10' title="bbox 121 841 1247 903; baseline 0.002 -21"><span class='ocrx_word' id='word_1_63' title='bbox 121 841 234 894; x_wconf 87' lang='lat' dir='ltr'>quod</span> <span class='ocrx_word' id='word_1_64' title='bbox 265 852 381 894; x_wconf 81' lang='lat' dir='ltr'>aptus</span> <span class='ocrx_word' id='word_1_65' title='bbox 412 853 486 883; x_wconf 91' lang='lat' dir='ltr'>est.</span> <span class='ocrx_word' id='word_1_66' title='bbox 518 858 560 867; x_wconf 89' lang='lat'><em>-</em></span> <span class='ocrx_word' id='word_1_67' title='bbox 591 843 719 899; x_wconf 80' lang='lat' dir='ltr'>Igitur</span> <span class='ocrx_word' id='word_1_68' title='bbox 742 843 951 903; x_wconf 65' lang='lat' dir='ltr'>id‚‚qu0d</span> <span class='ocrx_word' id='word_1_69' title='bbox 993 845 1084 898; x_wconf 91' lang='lat' dir='ltr'>quis</span> <span class='ocrx_word' id='word_1_70' title='bbox 1124 844 1247 885; x_wconf 85' lang='lat' dir='ltr'>debet</span> 
     </span>
     <span class='ocr_line' id='line_1_11' title="bbox 114 911 1247 968; baseline 0.004 -18"><span class='ocrx_word' id='word_1_71' title='bbox 114 921 201 951; x_wconf 87' lang='lat' dir='ltr'>non</span> <span class='ocrx_word' id='word_1_72' title='bbox 229 923 279 952; x_wconf 87' lang='lat' dir='ltr'>ex</span> <span class='ocrx_word' id='word_1_73' title='bbox 305 911 454 964; x_wconf 88' lang='lat' dir='ltr'>justitia</span> <span class='ocrx_word' id='word_1_74' title='bbox 479 914 672 966; x_wconf 86' lang='lat' dir='ltr'>propria,</span> <span class='ocrx_word' id='word_1_75' title='bbox 704 913 771 954; x_wconf 90' lang='lat' dir='ltr'>sed</span> <span class='ocrx_word' id='word_1_76' title='bbox 785 925 835 954; x_wconf 84' lang='lat' dir='ltr'>ex</span> <span class='ocrx_word' id='word_1_77' title='bbox 861 914 1009 955; x_wconf 89' lang='lat' dir='ltr'>virtute</span> <span class='ocrx_word' id='word_1_78' title='bbox 1040 913 1140 964; x_wconf 85' lang='lat' dir='ltr'>alia,</span> <span class='ocrx_word' id='word_1_79' title='bbox 1170 927 1247 968; x_wconf 77' lang='lat' dir='ltr'>pu-</span> 
     </span>
     <span class='ocr_line' id='line_1_12' title="bbox 117 978 1246 1036; baseline 0.004 -17"><span class='ocrx_word' id='word_1_80' title='bbox 117 989 160 1020; x_wconf 89' lang='lat' dir='ltr'>ta</span> <span class='ocrx_word' id='word_1_81' title='bbox 188 978 458 1031; x_wconf 79' lang='lat' dir='ltr'>liberalitate,</span> <span class='ocrx_word' id='word_1_82' title='bbox 503 983 657 1036; x_wconf 81' lang='lat' dir='ltr'>gratia,</span> <span class='ocrx_word' id='word_1_83' title='bbox 708 982 1011 1033; x_wconf 88' lang='lat' dir='ltr'>misericordia,</span> <span class='ocrx_word' id='word_1_84' title='bbox 1055 983 1246 1025; x_wconf 82' lang='lat' dir='ltr'>dilectio·</span> 
     </span>
     <span class='ocr_line' id='line_1_13' title="bbox 114 1037 1244 1107; baseline 0.005 -19"><span class='ocrx_word' id='word_1_85' title='bbox 114 1060 199 1098; x_wconf 86' lang='lat' dir='ltr'>ne,</span> <span class='ocrx_word' id='word_1_86' title='bbox 241 1048 282 1090; x_wconf 91' lang='lat' dir='ltr'>id</span> <span class='ocrx_word' id='word_1_87' title='bbox 319 1049 419 1091; x_wconf 84' lang='lat' dir='ltr'>ficut</span> <span class='ocrx_word' id='word_1_88' title='bbox 462 1051 503 1091; x_wconf 86' lang='lat' dir='ltr'>in</span> <span class='ocrx_word' id='word_1_89' title='bbox 539 1050 634 1092; x_wconf 88' lang='lat' dir='ltr'>foro</span> <span class='ocrx_word' id='word_1_90' title='bbox 685 1053 794 1107; x_wconf 84' lang='lat' dir='ltr'>exigi</span> <span class='ocrx_word' id='word_1_91' title='bbox 839 1064 921 1093; x_wconf 87' lang='lat' dir='ltr'>non</span> <span class='ocrx_word' id='word_1_92' title='bbox 960 1037 1127 1105; x_wconf 70' lang='lat' dir='ltr'>potest,</span> <span class='ocrx_word' id='word_1_93' title='bbox 1187 1054 1244 1095; x_wconf 85' lang='lat' dir='ltr'>ita</span> 
     </span>
     <span class='ocr_line' id='line_1_14' title="bbox 114 1111 1245 1176; baseline 0.004 -17"><span class='ocrx_word' id='word_1_94' title='bbox 114 1111 192 1161; x_wconf 71' lang='lat' dir='ltr'>nec</span> <span class='ocrx_word' id='word_1_95' title='bbox 223 1121 342 1160; x_wconf 80' lang='lat' dir='ltr'>armis</span> <span class='ocrx_word' id='word_1_96' title='bbox 371 1119 570 1174; x_wconf 84' lang='lat' dir='ltr'>deposci,</span> <span class='ocrx_word' id='word_1_97' title='bbox 615 1132 737 1172; x_wconf 86' lang='lat' dir='ltr'>nam,</span> <span class='ocrx_word' id='word_1_98' title='bbox 781 1121 831 1163; x_wconf 83' lang='lat' dir='ltr'>ad</span> <span class='ocrx_word' id='word_1_99' title='bbox 857 1133 1071 1176; x_wconf 84' lang='lat' dir='ltr'>utrumque</span> <span class='ocrx_word' id='word_1_100' title='bbox 1097 1123 1245 1165; x_wconf 83' lang='lat' dir='ltr'>horum</span> 
     </span>
     <span class='ocr_line' id='line_1_15' title="bbox 116 1189 1248 1246; baseline 0.004 -17"><span class='ocrx_word' id='word_1_101' title='bbox 116 1200 200 1229; x_wconf 84' lang='lat' dir='ltr'>non</span> <span class='ocrx_word' id='word_1_102' title='bbox 227 1189 396 1238; x_wconf 90' lang='lat' dir='ltr'>sufficit,</span> <span class='ocrx_word' id='word_1_103' title='bbox 440 1201 485 1230; x_wconf 89' lang='lat' dir='ltr'>ut</span> <span class='ocrx_word' id='word_1_104' title='bbox 527 1189 570 1230; x_wconf 88' lang='lat' dir='ltr'>id</span> <span class='ocrx_word' id='word_1_105' title='bbox 609 1192 722 1244; x_wconf 89' lang='lat' dir='ltr'>quod</span> <span class='ocrx_word' id='word_1_106' title='bbox 748 1191 977 1246; x_wconf 87' lang='lat' dir='ltr'>postulatur</span> <span class='ocrx_word' id='word_1_107' title='bbox 1004 1194 1030 1234; x_wconf 92' lang='lat' dir='ltr'><strong>s</strong></span> <span class='ocrx_word' id='word_1_108' title='bbox 1036 1204 1050 1233; x_wconf 91' lang='lat' dir='ltr'>t</span> <span class='ocrx_word' id='word_1_109' title='bbox 1076 1206 1135 1234; x_wconf 86' lang='lat' dir='ltr'>ex</span> <span class='ocrx_word' id='word_1_110' title='bbox 1156 1205 1248 1234; x_wconf 89' lang='lat' dir='ltr'>mo-</span> 
     </span>
     <span class='ocr_line' id='line_1_16' title="bbox 119 1258 1246 1316; baseline 0.004 -17"><span class='ocrx_word' id='word_1_111' title='bbox 119 1259 193 1300; x_wconf 84' lang='lat' dir='ltr'>rali</span> <span class='ocrx_word' id='word_1_112' title='bbox 221 1260 376 1300; x_wconf 89' lang='lat' dir='ltr'>ratione</span> <span class='ocrx_word' id='word_1_113' title='bbox 403 1258 662 1311; x_wconf 85' lang='lat' dir='ltr'>faciendum,</span> <span class='ocrx_word' id='word_1_114' title='bbox 705 1262 773 1303; x_wconf 91' lang='lat' dir='ltr'>sed</span> <span class='ocrx_word' id='word_1_115' title='bbox 793 1274 1006 1315; x_wconf 86' lang='lat' dir='ltr'>p1aeterea</span> <span class='ocrx_word' id='word_1_116' title='bbox 1045 1275 1148 1316; x_wconf 91' lang='lat' dir='ltr'>opus</span> <span class='ocrx_word' id='word_1_117' title='bbox 1183 1273 1246 1304; x_wconf 82' lang='lat' dir='ltr'>est</span> 
     </span>
     <span class='ocr_line' id='line_1_17' title="bbox 115 1312 1243 1387; baseline 0.005 -19"><span class='ocrx_word' id='word_1_118' title='bbox 115 1329 155 1369; x_wconf 91' lang='lat' dir='ltr'>in</span> <span class='ocrx_word' id='word_1_119' title='bbox 198 1329 348 1378; x_wconf 87' lang='lat' dir='ltr'>nobis,</span> <span class='ocrx_word' id='word_1_120' title='bbox 393 1340 438 1369; x_wconf 91' lang='lat' dir='ltr'>ut</span> <span class='ocrx_word' id='word_1_121' title='bbox 474 1328 545 1382; x_wconf 89' lang='lat' dir='ltr'>Jus</span> <span class='ocrx_word' id='word_1_122' title='bbox 587 1331 789 1384; x_wconf 83' lang='lat' dir='ltr'>quoddam</span> <span class='ocrx_word' id='word_1_123' title='bbox 830 1331 884 1371; x_wconf 85' lang='lat' dir='ltr'>fit</span> <span class='ocrx_word' id='word_1_124' title='bbox 915 1332 966 1373; x_wconf 86' lang='lat' dir='ltr'>ad</span> <span class='ocrx_word' id='word_1_125' title='bbox 996 1331 1099 1373; x_wconf 88' lang='lat' dir='ltr'>illud</span> <span class='ocrx_word' id='word_1_126' title='bbox 1129 1312 1243 1387; x_wconf 83' lang='grc'>(3),</span> 
     </span>
     <span class='ocr_line' id='line_1_18' title="bbox 112 1398 1243 1456; baseline 0.003 -17"><span class='ocrx_word' id='word_1_127' title='bbox 112 1398 230 1453; x_wconf 87' lang='lat' dir='ltr'>quale</span> <span class='ocrx_word' id='word_1_128' title='bbox 262 1398 332 1453; x_wconf 85' lang='lat' dir='ltr'>Jus</span> <span class='ocrx_word' id='word_1_129' title='bbox 373 1400 574 1440; x_wconf 88' lang='lat' dir='ltr'>interdum</span> <span class='ocrx_word' id='word_1_130' title='bbox 619 1401 730 1456; x_wconf 85' lang='lat' dir='ltr'>leges</span> <span class='ocrx_word' id='word_1_131' title='bbox 770 1401 928 1442; x_wconf 84' lang='lat' dir='ltr'>divinae</span> <span class='ocrx_word' id='word_1_132' title='bbox 966 1413 1010 1448; x_wconf 82' lang='lat' dir='ltr'>et</span> <span class='ocrx_word' id='word_1_133' title='bbox 1047 1401 1243 1442; x_wconf 83' lang='lat' dir='ltr'>humanae</span> 
     </span>
     <span class='ocr_line' id='line_1_19' title="bbox 113 1470 1241 1519; baseline 0.001 -8"><span class='ocrx_word' id='word_1_134' title='bbox 113 1470 246 1519; x_wconf 76' lang='lat' dir='ltr'>dant„</span> <span class='ocrx_word' id='word_1_135' title='bbox 290 1471 411 1510; x_wconf 84' lang='lat' dir='ltr'>etiam</span> <span class='ocrx_word' id='word_1_136' title='bbox 471 1471 581 1511; x_wconf 85' lang='lat' dir='ltr'>circa</span> <span class='ocrx_word' id='word_1_137' title='bbox 631 1471 767 1512; x_wconf 85' lang='lat' dir='ltr'>debita</span> <span class='ocrx_word' id='word_1_138' title='bbox 812 1470 978 1511; x_wconf 79' lang='lat' dir='ltr'>aliarum</span> <span class='ocrx_word' id='word_1_139' title='bbox 1031 1472 1241 1512; x_wconf 88' lang='lat' dir='ltr'>virtutum.</span> 
     </span>
     <span class='ocr_line' id='line_1_20' title="bbox 96 1530 1240 1592; baseline 0.003 -14"><span class='ocrx_word' id='word_1_140' title='bbox 96 1530 239 1592; x_wconf 50' lang='lat' dir='ltr'>¹Quod</span> <span class='ocrx_word' id='word_1_141' title='bbox 261 1552 354 1579; x_wconf 90' lang='lat' dir='ltr'>cum</span> <span class='ocrx_word' id='word_1_142' title='bbox 377 1538 444 1580; x_wconf 84' lang='lat' dir='ltr'>fiat</span> <span class='ocrx_word' id='word_1_143' title='bbox 459 1571 471 1588; x_wconf 87' lang='lat'><strong>‚</strong></span> <span class='ocrx_word' id='word_1_144' title='bbox 502 1552 608 1580; x_wconf 85' lang='lat' dir='ltr'>nova</span> <span class='ocrx_word' id='word_1_145' title='bbox 633 1553 728 1582; x_wconf 86' lang='lat' dir='ltr'>tunc</span> <span class='ocrx_word' id='word_1_146' title='bbox 746 1541 918 1582; x_wconf 85' lang='lat' dir='ltr'>debendi</span> <span class='ocrx_word' id='word_1_147' title='bbox 936 1542 1041 1583; x_wconf 81' lang='lat' dir='ltr'>ratio</span> <span class='ocrx_word' id='word_1_148' title='bbox 1054 1542 1240 1590; x_wconf 83' lang='lat' dir='ltr'>accedit,-</span> 
     </span>
     <span class='ocr_line' id='line_1_21' title="bbox 113 1609 1241 1665; baseline 0.005 -18"><span class='ocrx_word' id='word_1_149' title='bbox 113 1620 215 1660; x_wconf 85' lang='lat' dir='ltr'>quae</span> <span class='ocrx_word' id='word_1_150' title='bbox 253 1609 334 1662; x_wconf 83' lang='lat' dir='ltr'>jam</span> <span class='ocrx_word' id='word_1_151' title='bbox 369 1609 423 1650; x_wconf 82' lang='lat' dir='ltr'>ad</span> <span class='ocrx_word' id='word_1_152' title='bbox 454 1610 642 1664; x_wconf 69' lang='lat' dir='ltr'>justitiam</span> <span class='ocrx_word' id='word_1_153' title='bbox 682 1613 871 1665; x_wconf 87' lang='lat' dir='ltr'>pertinet.</span> <span class='ocrx_word' id='word_1_154' title='bbox 951 1610 1047 1653; x_wconf 91' lang='lat' dir='ltr'>Hoc</span> <span class='ocrx_word' id='word_1_155' title='bbox 1090 1611 1135 1651; x_wconf 84' lang='lat' dir='ltr'>fit</span> <span class='ocrx_word' id='word_1_156' title='bbox 1189 1623 1241 1653; x_wconf 84' lang='lat' dir='ltr'>ex</span> 
     </span>
     <span class='ocr_line' id='line_1_22' title="bbox 114 1677 1241 1734; baseline 0.004 -18"><span class='ocrx_word' id='word_1_157' title='bbox 114 1689 192 1727; x_wconf 84' lang='lat' dir='ltr'>eo,</span> <span class='ocrx_word' id='word_1_158' title='bbox 233 1677 346 1730; x_wconf 87' lang='lat' dir='ltr'>quod</span> <span class='ocrx_word' id='word_1_159' title='bbox 387 1678 457 1720; x_wconf 83' lang='lat' dir='ltr'>illa</span> <span class='ocrx_word' id='word_1_160' title='bbox 501 1681 661 1730; x_wconf 83' lang='lat' dir='ltr'>officia,</span> <span class='ocrx_word' id='word_1_161' title='bbox 702 1693 805 1734; x_wconf 86' lang='lat' dir='ltr'>quae</span> <span class='ocrx_word' id='word_1_162' title='bbox 849 1682 1023 1734; x_wconf 79' lang='lat' dir='ltr'>primum</span> <span class='ocrx_word' id='word_1_163' title='bbox 1052 1692 1163 1721; x_wconf 85' lang='lat' dir='ltr'>erant</span> <span class='ocrx_word' id='word_1_164' title='bbox 1189 1690 1241 1723; x_wconf 82' lang='lat' dir='ltr'>ex</span> 
     </span>
     <span class='ocr_line' id='line_1_23' title="bbox 111 1745 1238 1804; baseline 0.004 -16"><span class='ocrx_word' id='word_1_165' title='bbox 111 1745 200 1800; x_wconf 75' lang='lat' dir='ltr'>jure</span> <span class='ocrx_word' id='word_1_166' title='bbox 227 1747 370 1789; x_wconf 80' lang='lat' dir='ltr'>laxiori</span> <span class='ocrx_word' id='word_1_167' title='bbox 387 1778 401 1799; x_wconf 89' lang='lat'><strong>,</strong></span> <span class='ocrx_word' id='word_1_168' title='bbox 430 1761 470 1792; x_wconf 90' lang='lat' dir='ltr'>ct</span> <span class='ocrx_word' id='word_1_169' title='bbox 490 1762 539 1792; x_wconf 80' lang='lat' dir='ltr'>ex</span> <span class='ocrx_word' id='word_1_170' title='bbox 554 1750 639 1792; x_wconf 84' lang='lat' dir='ltr'>fola</span> <span class='ocrx_word' id='word_1_171' title='bbox 653 1752 807 1792; x_wconf 85' lang='lat' dir='ltr'>ratione</span> <span class='ocrx_word' id='word_1_172' title='bbox 828 1750 1129 1796; x_wconf 79' lang='lat' dir='ltr'>deducebatur..</span> <span class='ocrx_word' id='word_1_173' title='bbox 1155 1751 1238 1804; x_wconf 81' lang='lat' dir='ltr'>jam</span> 
     </span>
     <span class='ocr_line' id='line_1_24' title="bbox 1141 1820 1239 1862; baseline -0.031 0"><span class='ocrx_word' id='word_1_174' title='bbox 1141 1820 1239 1862; x_wconf 85' lang='lat' dir='ltr'>fiant</span> 
     </span>
    </p>
   </div>
   <div class='ocr_carea' id='block_1_3' title="bbox 114 1941 1240 2217">
    <p class='ocr_par' dir='ltr' id='par_1_3' title="bbox 164 1941 752 1992">
     <span class='ocr_line' id='line_1_25' title="bbox 164 1941 752 1992; baseline 0.01 -17"><span class='ocrx_word' id='word_1_175' title='bbox 164 1941 228 1987; x_wconf 87' lang='lat'>(1)</span> <span class='ocrx_word' id='word_1_176' title='bbox 253 1943 328 1979; x_wconf 87' lang='lat' dir='ltr'>Lib.</span> <span class='ocrx_word' id='word_1_177' title='bbox 353 1945 394 1979; x_wconf 88' lang='lat' dir='ltr'>II.</span> <span class='ocrx_word' id='word_1_178' title='bbox 419 1955 448 1979; x_wconf 94' lang='lat' dir='ltr'>c.</span> <span class='ocrx_word' id='word_1_179' title='bbox 477 1957 526 1981; x_wconf 83' lang='lat'>12.</span> <span class='ocrx_word' id='word_1_180' title='bbox 551 1947 568 1991; x_wconf 84' lang='lat'>§</span> <span class='ocrx_word' id='word_1_181' title='bbox 593 1959 626 1992; x_wconf 89' lang='lat'>9.</span> <span class='ocrx_word' id='word_1_182' title='bbox 648 1947 694 1981; x_wconf 91' lang='lat' dir='ltr'>N.</span> <span class='ocrx_word' id='word_1_183' title='bbox 718 1957 752 1981; x_wconf 81' lang='lat'>2.</span> 
     </span>
    </p>

    <p class='ocr_par' dir='ltr' id='par_1_4' title="bbox 161 1997 753 2048">
     <span class='ocr_line' id='line_1_26' title="bbox 161 1997 753 2048; baseline 0.005 -12"><span class='ocrx_word' id='word_1_184' title='bbox 161 1997 226 2046; x_wconf 84' lang='lat'>(2)</span> <span class='ocrx_word' id='word_1_185' title='bbox 251 2001 326 2036; x_wconf 89' lang='lat' dir='ltr'>Lib.</span> <span class='ocrx_word' id='word_1_186' title='bbox 351 2002 394 2036; x_wconf 87' lang='lat'>11.</span> <span class='ocrx_word' id='word_1_187' title='bbox 417 2012 450 2036; x_wconf 83' lang='lat' dir='ltr'>e.</span> <span class='ocrx_word' id='word_1_188' title='bbox 477 2014 527 2047; x_wconf 84' lang='lat'>17.</span> <span class='ocrx_word' id='word_1_189' title='bbox 551 2006 569 2048; x_wconf 82' lang='lat'>§</span> <span class='ocrx_word' id='word_1_190' title='bbox 594 2017 622 2040; x_wconf 81' lang='lat'>2.</span> <span class='ocrx_word' id='word_1_191' title='bbox 650 2004 697 2037; x_wconf 92' lang='lat' dir='ltr'>N.</span> <span class='ocrx_word' id='word_1_192' title='bbox 721 2015 753 2039; x_wconf 86' lang='lat'>2.</span> 
     </span>
    </p>

    <p class='ocr_par' dir='ltr' id='par_1_5' title="bbox 114 2052 1240 2217">
     <span class='ocr_line' id='line_1_27' title="bbox 163 2052 1234 2105; baseline 0.002 -15"><span class='ocrx_word' id='word_1_193' title='bbox 163 2056 227 2101; x_wconf 82' lang='lat'>(3)</span> <span class='ocrx_word' id='word_1_194' title='bbox 252 2059 278 2090; x_wconf 84' lang='grc' dir='ltr'>Β</span> <span class='ocrx_word' id='word_1_195' title='bbox 290 2068 307 2090; x_wconf 83' lang='lat' dir='ltr'>a</span> <span class='ocrx_word' id='word_1_196' title='bbox 323 2068 337 2090; x_wconf 93' lang='lat' dir='ltr'>r</span> <span class='ocrx_word' id='word_1_197' title='bbox 351 2059 371 2091; x_wconf 90' lang='lat' dir='ltr'>b</span> <span class='ocrx_word' id='word_1_198' title='bbox 389 2068 406 2092; x_wconf 90' lang='lat' dir='ltr'>e</span> <span class='ocrx_word' id='word_1_199' title='bbox 423 2069 443 2102; x_wconf 93' lang='lat' dir='ltr'>y</span> <span class='ocrx_word' id='word_1_200' title='bbox 456 2069 470 2092; x_wconf 82' lang='lat' dir='ltr'>r</span> <span class='ocrx_word' id='word_1_201' title='bbox 485 2070 500 2092; x_wconf 82' lang='lat' dir='ltr'>a</span> <span class='ocrx_word' id='word_1_202' title='bbox 516 2070 534 2093; x_wconf 94' lang='lat' dir='ltr'>c</span> <span class='ocrx_word' id='word_1_203' title='bbox 552 2063 595 2094; x_wconf 88' lang='lat' dir='ltr'>iu</span> <span class='ocrx_word' id='word_1_204' title='bbox 611 2071 624 2093; x_wconf 92' lang='lat' dir='ltr'><strong>s</strong></span> <span class='ocrx_word' id='word_1_205' title='bbox 636 2085 646 2099; x_wconf 93' lang='lat'>‚</span> <span class='ocrx_word' id='word_1_206' title='bbox 679 2064 711 2094; x_wconf 81' lang='lat' dir='ltr'>in</span> <span class='ocrx_word' id='word_1_207' title='bbox 753 2059 882 2105; x_wconf 71' lang='lat' dir='ltr'>versione</span> <span class='ocrx_word' id='word_1_208' title='bbox 923 2052 1046 2094; x_wconf 64' lang='lat' dir='ltr'>Gizllica</span> <span class='ocrx_word' id='word_1_209' title='bbox 1059 2084 1070 2100; x_wconf 94' lang='lat'>‚</span> <span class='ocrx_word' id='word_1_210' title='bbox 1102 2058 1234 2102; x_wconf 82' lang='lat' dir='ltr'>subjun-</span> 
     </span>
     <span class='ocr_line' id='line_1_28' title="bbox 117 2105 1240 2163; baseline 0.004 -18"><span class='ocrx_word' id='word_1_211' title='bbox 117 2114 185 2156; x_wconf 83' lang='lat' dir='ltr'>git,</span> <span class='ocrx_word' id='word_1_212' title='bbox 207 2116 305 2148; x_wconf 80' lang='lat' dir='ltr'>Droit</span> <span class='ocrx_word' id='word_1_213' title='bbox 320 2105 382 2158; x_wconf 66' lang='lat' dir='ltr'>&#39;que</span> <span class='ocrx_word' id='word_1_214' title='bbox 404 2116 464 2148; x_wconf 84' lang='lat' dir='ltr'>l&#39;on</span> <span class='ocrx_word' id='word_1_215' title='bbox 492 2117 546 2151; x_wconf 82' lang='lat' dir='ltr'>n&#39;a</span> <span class='ocrx_word' id='word_1_216' title='bbox 581 2127 645 2163; x_wconf 80' lang='lat' dir='ltr'>pas</span> <span class='ocrx_word' id='word_1_217' title='bbox 674 2118 921 2152; x_wconf 53' lang='lat' dir='ltr'>ordinae-ament</span> <span class='ocrx_word' id='word_1_218' title='bbox 934 2140 947 2158; x_wconf 91' lang='lat'><strong>,</strong></span> <span class='ocrx_word' id='word_1_219' title='bbox 982 2128 1019 2150; x_wconf 81' lang='lat' dir='ltr'>en</span> <span class='ocrx_word' id='word_1_220' title='bbox 1042 2120 1176 2152; x_wconf 65' lang='lat' dir='ltr'>matic‘re</span> <span class='ocrx_word' id='word_1_221' title='bbox 1200 2116 1240 2150; x_wconf 78' lang='lat' dir='ltr'>de</span> 
     </span>
     <span class='ocr_line' id='line_1_29' title="bbox 114 2171 496 2217; baseline 0.008 -13"><span class='ocrx_word' id='word_1_222' title='bbox 114 2171 220 2214; x_wconf 82' lang='lat' dir='ltr'>celles,</span> <span class='ocrx_word' id='word_1_223' title='bbox 245 2171 332 2206; x_wconf 76' lang='lat' dir='ltr'>d’ont</span> <span class='ocrx_word' id='word_1_224' title='bbox 349 2173 377 2206; x_wconf 77' lang='lat' dir='ltr'>ll</span> <span class='ocrx_word' id='word_1_225' title='bbox 389 2173 496 2217; x_wconf 80' lang='lat' dir='ltr'>s&#39;agit.</span> 
     </span>
    </p>
   </div>
  </div>
 </body>
</html>
