1519 2729
565 137 599 194 t
657 98 794 194 εἰ)

121 277 341 331 gromen-i,
373 288 455 330 quo
483 274 573 318 usus
598 289 658 318 est
694 279 743 320 de
782 277 924 328 Luc,
968 289 1144 322 naturam
1180 283 1242 323 in-

119 346 433 399 vestigabimus,
463 358 507 389 ut
535 348 590 387 ita
614 349 846 397 videamuS‚
892 349 988 402 quid
1031 349 1079 390 de
1122 352 1240 406 hujus

119 415 433 456 indicationibus
463 428 676 468 expectare
705 417 824 457 nobis
852 417 986 459 liceat.

122 507 125 509 -
174 482 334 524 Dantur
359 486 550 526 nonnulla
590 499 763 538 corpora
805 489 1023 541 organica,
1068 488 1241 543 hygros·

115 564 224 606 copa
250 553 384 604 dicta,
416 567 516 607 quae
547 556 782 597 humiditate
817 557 1111 609 extenduntur3
1157 559 1239 601 hoc

116 624 322 676 principio
347 626 526 665 nituntur
553 627 809 680 hygrometra
834 626 918 667 CII.
954 627 1002 668 de
1043 626 1155 670 Luc
1198 640 1240 670 et

118 692 180 732 de
215 692 517 742 Saussure‚
549 707 721 746 quorum
762 696 827 736 hic
873 696 1022 748 capillo
1064 697 1241 739 humano

114 774 377 815 praeparato,
421 762 489 804 ille
527 765 671 805 lamine
718 766 825 805 tenui
868 765 1013 807 barbae
1051 755 1250 809 balaenae

115 831 206 872 usus
234 845 319 881 est,'
351 846 522 886 quorum
552 848 769 889 corporum
798 835 1060 894 ind1cationes
1089 837 1238 878 haben-

115 911 179 942 tur
204 902 430 956 regulares,
463 904 504 944 id
532 917 619 953 est,
652 905 816 945 eandem
848 906 1002 962 semper
1029 908 1239 960 requirunt

114 969 293 1012 humoris
323 974 611 1024 quantitatem,
644 986 686 1015 ut
711 975 761 1016 ad.
798 976 962 1016 eandem
1003 978 1238 1029 perveniant

111 1039 393 1081 dimensionem
438 1039 532 1094 (ι).
621 1042 733 1086 Haec
774 1057 946 1097 corpora
983 1045 1009 1086 fi
1054 1046 1094 1085 in
1137 1045 1237 1087 loco

110 1121 309 1163 ponantur
341 1106 542 1161 humido,
591 1125 734 1165 aquam
772 1113 1014 1163 absorbent,
1073 1126 1113 1155 et
1157 1117 1233 1157 hac

110 1192 211 1233 aqua
239 1180 427 1234 absorpta
457 1183 753 1232 extenduntur3
785 1183 811 1223 fi
840 1197 936 1224 vero
966 1185 1004 1224 in
1033 1184 1130 1226 loco
1156 1199 1235 1239 po·

109 1261 251 1291 uantur
279 1251 408 1300 sicco⁷
446 1265 587 1305 aquam
613 1253 812 1304 perdunt,
857 1265 897 1294 et
927 1254 1231 1298 contrahuntur.

109 1318 152 1360 In
168 1333 247 1373 qua
261 1332 302 1360 re
333 1332 461 1361 tamen
490 1323 731 1369 monendum
751 1354 763 1372 ,
795 1323 892 1365 haec
910 1337 1107 1376 corpora,
1137 1339 1231 1367 cum

107 1400 228 1442 parva
256 1391 355 1438 sint,
401 1403 560 1442 parvam
589 1393 867 1432 tantummodo
889 1380 1031 1446 *aquae
1072 1396 1230 1447 quanti-

108 1467 228 1499 tatem
260 1462 466 1500 continere
494 1461 637 1515 posse,
669 1475 786 1516 quam
815 1464 868 1503 ob
898 1464 1052 1504 causam
1082 1465 1227 1517 spatii,

107 1528 148 1567 in
197 1530 307 1582 quod
357 1532 638 1581 inmittuntur,
698 1532 835 1572 statum
881 1533 1226 1588 hygrometrieum

107 1609 213 1648 non,
243 1600 311 1642 nifi
328 1600 542 1643 insenfibili
558 1602 710 1653 n10d0‚
743 1614 924 1653 mutant,
956 1595 1086 1658 neque
1100 1617 1227 1660 aquae

201 1664 203 1667 ’
1157 1674 1227 1715 ab·

111 1759 122 1764 ’
151 1765 214 1812 (ι)
237 1769 449 1806 contendunt
475 1775 619 1807 nonnulli
647 1773 856 1808 indicationes
892 1774 1008 1808 horum
1050 1770 1228 1818 hygrome-

107 1832 231 1859 trorum
246 1851 257 1867 ‚
280 1836 449 1870 protracto
477 1838 626 1873 tempore
642 1856 652 1872 ‚
676 1830 748 1864 fieri
767 1832 962 1873 irregulares
1005 1840 1039 1865 et
1079 1833 1111 1865 in
1148 1841 1227 1865 con-

101 1883 231 1916 trariam
255 1884 337 1918 viam
365 1885 529 1922 aberrare.
576 1888 674 1928 Conf.
703 1888 891 1930 Young,
916 1890 936 1923 l.
958 1889 979 1922 l.
1003 1889 1079 1924 Vol.
1108 1889 1134 1922 I·
1155 1897 1227 1930 pag·

104 1946 180 1981 709.
227 1939 353 1973 Dantur
377 1950 411 1974 et
438 1943 497 1975 alia
519 1943 750 1986 hygronietra,
777 1954 859 1986 quae
889 1954 993 1978 tamen
1032 1945 1086 1978 vel
1124 1945 1227 1978 struc-

105 2003 176 2029 tura
191 2021 201 2037 ,
228 1998 281 2030 vel
303 1999 465 2042 principio
493 2000 530 2033 ab
559 2001 607 2033 his
631 2001 701 2034 sunt
725 2001 874 2042 diversa,
897 2004 982 2036 inter
1009 2012 1092 2046 quae
1121 2002 1226 2041 nomi-

91 2052 171 2084 *nari
211 2062 381 2088 merentur
408 2056 474 2091 Cll.
497 2057 705 2100 Wilson,
730 2059 908 2095 Leslie
944 2069 978 2095 et
1015 2059 1171 2095 Danie
1190 2058 1227 2091 ll

104 2106 324 2152 hygromctra.

674 2172 707 2214 F
