1519 2729
725 210 950 266 (48)

283 348 361 390 visse
400 347 613 397 videntur,
658 347 870 402 solumque
910 341 1115 390 criterium
1155 351 1196 390 in
1238 361 1289 390 eo
1332 363 1409 403 po-

284 418 432 469 suisse,
475 429 608 460 utrum
648 419 810 459 actione
864 419 978 462 civili
1019 421 1235 500 quicquam
1266 421 1411 478 posset

280 491 450 543 expeti,
476 482 524 530 an
553 500 652 530 vero
674 489 804 529 minus
833 488 927 544 (1).

333 559 580 609 Caeterum,
609 558 738 613 JCtos
768 557 980 607 Romanos
1010 561 1171 615 egregie
1210 560 1408 600 rationem

274 630 459 672 habuisse
487 631 638 683 primae
656 628 787 668 omnis
806 629 907 682 juris
922 630 1026 668 inter
1041 630 1224 670 homines
1239 628 1378 671 causae
1394 657 1408 677 ,

273 700 531 753 aequalitatis
571 710 610 739 et
648 698 845 739 libertatis
886 697 1102 749 naturalis,
1146 709 1195 740 ex
1224 699 1410 752 plurimis

271 782 383 824 patet
410 770 569 825 legibus
597 770 674 810 five
703 768 976 823 fragmentis.
1009 768 1130 809 Sicv.
1149 781 1186 810 c.
1210 768 1259 809 de
1287 766 1409 808 liber·-

271 851 350 881 tate
382 852 421 882 et
446 839 684 893 aequalitate
712 838 824 881 fimul
856 838 1006 879 dicitur
1032 839 1073 878 in
1104 837 1153 879 L.
1186 851 1226 890 4.
1264 835 1314 893 ffi
1359 836 1408 877 de

258 909 371 966 Just.
415 920 456 950 et
487 908 617 965 sure.
679 908 724 950 In
755 908 805 949 L.
837 921 902 962 32.
936 906 988 962 ffi
1030 906 1089 949 R.
1111 907 1161 963 J.
1206 907 1411 965 Ulpia-7

270 993 370 1021 nus
400 980 499 1021 dicit
528 1009 556 1032 ‚,
587 979 699 1033 quod
725 979 774 1019 ad
798 978 869 1032 Jus
909 977 1087 1019 naturale
1129 978 1273 1020 attinet
1316 990 1404 1018 om-

264 1062 337 1092 nes
365 1049 549 1090 homines
576 1048 762 1103 aequales
791 1047 925 1089 sunt.''
986 1047 1032 1088 In
1058 1047 1083 1100 §
1116 1061 1154 1089 2.
1183 1047 1320 1102 Instit.
1353 1046 1414 1089 de,

253 1116 360 1175 chr.
380 1118 500 1160 >Nm.
531 1119 654 1160 Gent.
679 1129 719 1160 et
748 1118 838 1160 Civ.
879 1119 1089 1159 servitutes
1118 1117 1308 1158 dicuntur
1331 1129 1401 1157 na-

266 1189 383 1230 turali
408 1189 488 1243 juri
519 1189 766 1230 contrariae:
796 1189 885 1243 jure
912 1189 1020 1228 enim
1050 1186 1220 1228 naturali
1253 1198 1404 1227 omnes

261 1258 449 1300 homines
476 1258 525 1298 ab
553 1259 671 1298 initio
701 1258 820 1300 liberi
851 1258 1136 1299 nascebantur.

317 1327 500 1381 Apparet
515 1327 607 1368 inde
619 1358 631 1378 ,
647 1328 778 1383 JCtos
795 1316 1008 1370 Romanos
1022 1357 1034 1376 ,
1050 1338 1072 1366 e
1086 1338 1260 1380 quorum
1279 1325 1405 1379 scrip-

259 1398 311 1438 tis
337 1397 560 1451 fragmenta
600 1398 726 1439 modo
755 1397 992 1452 supersunt,
1023 1397 1185 1451 egregie
1213 1395 1403 1436 disserere

260 1466 441 1520 potuisse
463 1466 610 1521 dejure
626 1467 839 1508 hominum
855 1465 1059 1516 naturali,
1091 1467 1117 1507 fi
1144 1465 1193 1506 de
1210 1465 1290 1510 hoc
1315 1465 1404 1519 jure

262 1549 285 1576 e
302 1535 472 1578 consilio
490 1537 730 1590 scripsissent
741 1540 758 1588 ζ
792 1524 884 1578 cum
903 1548 1010 1577 certe
1028 1536 1158 1576 omnis
1173 1565 1186 1585 ,
1218 1546 1263 1577 ut
1289 1536 1401 1586 dixi,

259 1604 360 1658 juris
403 1609 506 1648 inter
543 1607 728 1648 homines
781 1606 1083 1648 fundamentum
1124 1607 1165 1645 in
1223 1606 1400 1659 ipsorum

263 1675 501 1728 aequalitate
531 1675 726 1725 naturali,
758 1678 863 1718 uude
892 1663 1057 1716 libertas
1088 1674 1154 1715 seu
1178 1675 1308 1730 ipsum
1336 1675 1400 1731 jus

264 1746 569 1799 proficiscitur,
611 1748 785 1800 pofitum
827 1748 910 1787 esse
950 1745 1145 1787 videatur.

305 1904 368 1951 (1)
393 1907 524 1940 Exinde
558 1907 629 1941 ssuit
670 1907 848 1947 discrimen
889 1904 976 1941 inter
1009 1907 1241 1949 obligationem
1270 1914 1398 1939 natura-

258 1964 323 1995 lem
354 1971 387 1996 et
412 1964 571 2006 civilem,
596 1964 682 1998 1ιιιῑ’·ι
709 1974 839 2010 pactum
867 1964 991 1999 nudum
1017 1972 1050 1997 et
1076 1964 1232 1998 vestitum
1264 1971 1297 1996 et
1314 1970 1395 1995 con-

262 2026 420 2061 tractum,
444 2019 515 2053 alia.

1257 2308 1283 2363 ς
1315 2306 1388 2351 vi.
