1519 2729
782 166 1012 223 (50)

338 305 413 349 hae
441 303 548 357 ipsae
591 303 729 345 causae
764 305 983 346 censendae
1009 304 1099 346 sunt
1127 305 1167 346 in
1194 305 1334 348 exsilio
1374 306 1450 347 Ba-

337 374 540 427 bylonico
579 372 824 427 perfecisse,
871 376 983 429 quod
1014 375 1150 416 sensim
1176 375 1451 429 paulatimque

333 457 426 488 ante
455 444 558 486 illud
588 456 745 497 tempus
773 446 1017 487 inchoatum
1045 457 1144 486 erat.

843 563 869 615 §
901 560 953 602 Π.

365 677 473 734 Jam
505 687 604 719 ante
635 674 830 731 exfilium
861 676 1168 732 Babylonicum
1200 676 1400 718 interdum

416 747 473 790 ah
503 747 752 789 idololatria
783 746 917 789 alieni
939 744 1124 801 fuerunt
1155 745 1362 788 Hebraei.

386 863 494 905 Ante
533 863 715 905 exfilium
735 832 1057 915 (Babylonicum
1088 862 1259 904 fuerunt
1289 874 1453 916 tempo--

329 947 399 984 ra,
445 934 592 987 quibus
631 924 681 974 ab
724 932 944 974 idolorum.
965 932 1224 986 pluriumque
1261 933 1449 975 Deorum
1467 989 1474 993 Γ

328 1005 444 1046 cultu
467 1003 622 1045 alienos
651 1002 689 1043 se
718 998 983 1043 ostenderunt}
1007 1001 1214 1052 Hebraei,
1246 1002 1445 1056 nulloque

327 1086 413 1115 non
434 1086 619 1127 tempore
650 1072 919 1120 exstiterunt,
950 1072 1097 1126 quibus
1109 1071 1289 1126 Jehovae
1315 1072 1449 1114 cultus
1508 1103 1512 1110 ,

330 1157 468 1186 curae
494 1144 692 1197 cordique
728 1143 845 1184 esset.
906 1141 1034 1197 Quod
1072 1143 1142 1182 nifi
1186 1154 1367 1183 teneatur
1409 1154 1451 1182 et

327 1215 470 1268 paucis
499 1212 749 1259 illustretur,
782 1213 822 1252 in
864 1224 1002 1252 nostra
1041 1213 1279 1265 quaestione
1317 1211 1446 1267 expli-

327 1284 454 1324 canda
477 1279 591 1336 plura
619 1283 890 1324 desiderentur
915 1282 1078 1323 necesse
1109 1291 1184 1322 est.

289 1379 292 1382 >
328 1376 338 1379 »
385 1352 584 1408 Quisquis
630 1355 738 1393 enim
786 1353 994 1393 historiam
1047 1351 1329 1394 Hebraeorum
1381 1351 1445 1393 vel

327 1423 463 1464 obiter
506 1422 837 1476 perlustraverit,
883 1435 966 1462 non
1009 1422 1322 1463 animadvertere
1359 1434 1444 1462 non
1496 1407 1499 1414 ’

326 1494 510 1547 poterit,
554 1502 707 1546 quanto
735 1491 866 1532 studio
893 1491 1069 1532 Hebraei
1093 1491 1273 1545 Jehovae
1299 1492 1443 1533 adhae-
1488 1537 1491 1540 Α

328 1564 472 1611 serint,
504 1573 544 1603 et
559 1562 766 1603 idolorum
786 1562 1046 1616 pluriumque
1072 1560 1258 1603 Deorum
1292 1561 1448 1604 cultum

325 1634 650 1687 repudiaverint,
694 1646 788 1673 cum
826 1644 970 1673 terram
1015 1643 1264 1685 occuparent
1293 1632 1447 1673 Canaii·

325 1705 506 1744 niticam.
568 1701 687 1743 Tunc
730 1704 836 1743 enim
864 1702 1043 1757 Jehovae
1085 1703 1442 1755 obtemperantes,

326 1785 606 1828 quaecumque
632 1773 687 1829 „ad
719 1774 1026 1828 peregrinorum
1070 1770 1257 1813 Deorum
1291 1771 1446 1813 cultum

324 1846 573 1898 pertinerent
612 1855 895 1893 monumenta,
953 1841 1228 1883 destruxerunt
1274 1844 1439 1891 omnia;
1474 1876 1477 1879 ,

324 1915 453 1954 immo
502 1912 659 1952 fervido
699 1914 819 1953 animi
865 1915 1020 1966 impetu
1058 1914 1098 1952 in
1141 1924 1284 1953 eorum
1323 1904 1443 1953 sacris

325 1983 505 2023 delendis
533 1981 622 2022 sunt
651 1982 839 2036 grassati,
868 1982 1064 2036 Jehovam
1093 1984 1212 2023 unice
1235 1980 1444 2022 celebran-

325 2063 400 2092 teS.
472 2050 538 2091 Ne
563 2054 679 2091 'vero
709 2052 807 2093 haec
838 2065 969 2094 coeco
1001 2053 1156 2093 cuidam
1189 2051 1340 2092 fervori
1373 2052 1442 2092 tri·
1471 2105 1476 2110 μ

325 2122 453 2171 buas,
498 2121 720 2173 placidiora
761 2122 969 2163 afferamus
1017 2113 1215 2174 tempora.
1306 2120 1442 2176 Quem

325 2194 433 2232 enim
462 2190 593 2246 fugit,
639 2202 790 2245 quanto
819 2193 964 2233 ardore
996 2190 1196 2245 Jehovam
1238 2190 1442 2247 coluerint

1355 2258 1438 2301 He-
1481 2284 1483 2291 ‹
