1519 2729
545 140 797 199 (227)

118 271 287 316 Scilicet
341 276 382 316 in
430 274 537 331 Juris
579 282 748 322 notione
800 282 929 324 homo
979 283 1252 329 confideratur

118 343 276 398 semper
301 347 455 387 ratione
476 347 645 390 aliorum
661 380 674 399 ,
705 352 842 405 quoad
882 352 1061 407 ipsorum
1087 354 1252 397 liberta-

115 422 196 453 tem
227 426 446 458 externam.
508 418 758 474 Quicunque
783 421 892 463 solus
915 436 1081 478 vagatur
1109 425 1151 466 in
1182 426 1251 467 de-

113 481 226 523 sertis
243 513 256 533 ,
281 484 370 538 jure
398 498 480 527 non
496 489 644 543 gaudet
673 490 723 531 ad
751 492 809 532 sui
831 493 951 546 ipsius
975 493 1248 537 conservatio-

111 559 204 590 nem
221 580 234 600 ,
257 555 419 605 omnia,
446 570 547 610 quae
563 571 702 611 potest
717 591 730 611 ,
762 561 978 612 adhibendi
992 563 1162 615 auxilia;
1181 566 1249 608 sed

106 617 274 672 jubetur
301 614 561 683 potius'lege
590 630 739 672 morali,
762 631 844 674 sese
873 631 1007 684 alere,
1039 646 1081 675 et
1105 647 1249 678 contra

107 692 271 739 quaevis
305 696 486 747 pericula
522 699 678 739 munire
702 699 767 740 vel
797 700 1023 745 defendere.
1097 704 1248 761 Neque

106 757 279 801 aliorum
316 762 503 807 libertate
544 781 718 810 connata
762 771 884 825 ipfius
915 776 1146 816 continetur
1176 787 1246 824 „at-

104 839 184 878 que
237 822 425 874 definitur
469 836 664 892 libertas,
707 852 784 881 nec
825 853 871 883 ut
908 843 1016 885 suam
1059 844 1247 887 defendat

103 908 245 938 contra
270 898 490 956 laesiones,
512 907 599 962 sus
627 908 787 952 habere
815 912 896 956 dici
922 927 1073 967 potest.

164 964 234 1008 2⁰.
267 968 444 1025 Objecta
481 987 649 1030 quoque
690 980 825 1034 Juris,
871 996 973 1037 quae
1004 988 1245 1041 ceteroquin

102 1037 261 1088 essent,
289 1040 369 1094 J'uri
400 1044 487 1097 ejus
517 1045 679 1090 subesse
705 1063 788 1092 non
816 1051 907 1095 sunt
932 1054 1127 1106 dicenda,
1175 1055 1279 1098 sed*

97 1108 250 1149 viribus
278 1113 568 1163 potiuszcum
589 1118 656 1172 jus
685 1120 834 1162 habere
859 1124 903 1164 in
933 1124 1109 1180 aliquem
1124 1139 1236 1177 rem,

95 1177 198 1218 nihil
230 1179 339 1222 aliud
371 1182 416 1224 fit
443 1198 562 1237 quam
592 1188 659 1242 jus
688 1191 867 1242 habere,
914 1194 1016 1237 hanc
1053 1209 1136 1237 rem
1166 1196 1240 1238 fibi

95 1247 330 1300 vindicare,
361 1252 530 1295 exclusis
546 1255 637 1298 aliis
654 1259 903 1304 hominibus.
934 1264 1142 1318 „Etenim
1157 1296 1170 1316 ‚
1194 1277 1241 1308 ut

86 1345 123 1369 ,,,
153 1319 288 1369 verbis
315 1333 402 1363 utar
423 1323 550 1366 Cons.
569 1327 676 1370 Gra
694 1342 708 1370 t
724 1346 744 1372 a
761 1345 798 1373 m
816 1332 929 1388 a(1)
945 1364 958 1384 ,
991 1348 1084 1377 cum
1107 1336 1235 1390 Juris-

93 1415 121 1440 ,‚
152 1392 362 1441 potentia,
396 1394 556 1446 inquit,
589 1400 673 1440 esse
703 1402 954 1457 inteiligatur
978 1416 1019 1445 et
1033 1407 1078 1447 fit
1091 1406 1238 1460 agendi

92 1485 121 1510 „
152 1458 322 1500 facultas
351 1474 428 1514 pro
457 1463 528 1505 suo
558 1470 757 1522 arbitrio,
799 1473 911 1526 quod
940 1475 1155 1525 imminet,
1186 1476 1239 1517 li-

92 1557 120 1581 „
151 1529 272 1579 bero,
318 1534 481 1574 necesse
505 1548 596 1587 est,
643 1551 687 1581 ut
715 1541 850 1583 adesse
878 1556 1112 1596 ponantur,
1163 1548 1235 1598 qui

92 1625 120 1649 ‚‚
151 1602 285 1652 agenti
327 1602 367 1642 in
397 1606 555 1659 agendo
587 1621 661 1661 per
686 1610 1025 1663 physicam-suam
1053 1627 1235 1656 naturam

92 1696 120 1719 „
152 1669 437 1721 impedimenta
468 1676 688 1731 objiciant,
719 1693 786 1722 aut
813 1682 952 1723 saltem
983 1687 1136 1737 posfint
1159 1686 1235 1726 ob-

91 1766 120 1789 „
148 1726 305 1791 Jicere,
337 1743 484 1794 quibus
527 1759 650 1801 agens
679 1750 762 1791 vim
789 1751 1022 1803 physicam,
1053 1767 1111 1804 *ex
1139 1756 1232 1803 sua,

92 1835 120 1860 „
151 1821 270 1861 quam
303 1811 501 1864 dicimus,
531 1817 795 1871 juripotentia
822 1824 947 1874 posfit
976 1825 1233 1878 opponere.'’

154 1879 222 1932 3⁰.
254 1878 443 1924 Externis
471 1898 624 1929 tantum
656 1888 867 1931 hominum
896 1893 1087 1935 tribuitur
1101 1898 1232 1938 actio·

93 1946 225 2005 nibus,
264 1948 371 2003 Juris
398 1955 505 1996 enim
528 1956 594 1999 lex
628 1959 653 2000 fi
681 1970 754 2011 per
779 1958 818 1999 se
842 1960 1041 2014 sumatur,
1072 1965 1229 2008 nullum

1171 2049 1232 2077 ar-

74 2146 85 2149 ·
140 2095 202 2140 (1)
228 2099 326 2134 Cons.
352 2100 371 2133 S
389 2102 398 2134 ι’
413 2102 433 2134 b
450 2113 483 2149 r..
507 2105 537 2138 G
555 2115 705 2141 ratam
721 2118 763 2149 a,
788 2110 818 2143 in
842 2111 927 2147 Diss.
952 2112 1071 2156 Inaug..
1089 2114 1129 2149 de
1147 2111 1229 2151 Jure

92 2162 132 2186 ac
153 2154 292 2197 lnjuria.
334 2157 521 2204 Groningae
555 2164 649 2200 1808.
672 2175 706 2208 p.
734 2175 785 2202 12.
