1519 2729
750 171 974 227 (14)

244 353 245 356 ,
286 311 375 361 aliis
407 311 591 367 Judicet‚
635 323 687 353 eo
715 313 841 367 magis
870 314 1073 367 percipit,
1117 311 1216 366 quid
1243 323 1286 354 re
1313 322 1420 354 vei-ar

284 384 327 423 in
357 383 521 423 homine
546 383 591 423 fit
618 381 887 434 laudandum,
932 384 974 424 id
1006 395 1151 436 nempe
1194 382 1306 436 quod
1345 381 1406 424 illi

284 464 360 494 nec
397 454 499 506 eripi
539 463 677 506 potest
709 464 785 493 nec
815 453 926 504 dari,
971 453 1081 507 quod
1106 453 1317 506 proprium
1345 465 1407 494 est

281 522 461 564 hominis
493 520 708 578 (1>.Ita
737 523 859 564 facile
895 535 1007 565 eruet
1033 523 1159 564 homo
1200 523 1406 578 perversas

281 592 374 634 illas
413 594 466 634 de
504 594 782 633 aestimatione
809 594 1073 646 opiniones,
1096 605 1178 634 non
1222 592 1405 634 laudabit

279 663 393 716 quod
408 662 476 702 alii
492 661 731 702 laudandum
756 662 839 702 esse
861 662 963 703 falso
990 673 1162 715 putant,
1194 662 1263 704 sed
1289 662 1403 716 quod

276 745 353 786 per
382 732 420 773 se
448 733 601 774 bonum
629 742 689 771 est
713 729 823 784 (2),
855 744 896 772 et
927 744 1010 772 non
1040 733 1110 773 nifi
1138 731 1241 773 illud
1271 732 1402 784 ipsum

275 803 321 844 in
350 801 388 843 se
414 802 642 843 aestimabit
670 813 791 855 atque
819 802 1049 843 sectabitur.
1109 799 1196 843 Die
1212 799 1404 843 Sclziind-

277 871 482 922 lichkeit‚
514 871 633 914 niclzt
667 871 734 913 die
762 871 1086 914 Sclzddliclzkeit
1115 862 1193 913 'des
1220 869 1403 913 Lasters

275 941 402 999 miiss
427 943 600 984 iiberall
636 940 964 998 hervorstehend
1008 942 1120 984 dara
1091 941 1254 998 gestent
1295 953 1402 984 wer-

276 1013 356 1054 den
387 1011 481 1067 (3).
553 1011 653 1067 Qui
693 1025 776 1053 non
816 1012 906 1066 ipso
949 1013 1123 1054 honesto
1166 1023 1403 1060 movemur,

275 1083 410 1136 inquit
440 1082 656 1123 Cicero
685 1081 789 1136 (4),
820 1094 864 1123 ut
906 1083 1005 1123 boni
1037 1083 1112 1122 viri
1150 1083 1293 1130 fimus,
1337 1080 1406 1123 sed

275 1151 451 1192 utilitate
480 1152 614 1206 aliqua
633 1165 754 1206 atque
782 1150 947 1200 fructu,
979 1150 1115 1192 callidi
1153 1149 1285 1192 sumus
1308 1163 1402 1192 enon

278 1214 379 1262 boni
410 1218 506 1276 (5).
573 1219 780 1264 Honestus
799 1223 860 1263 vir
874 1234 1016 1276 parum
1048 1233 1161 1264 curat
1190 1221 1403 1265 hominum

1306 1302 1402 1351 <2121-

323 1411 389 1460 (1)
413 1415 630 1457 Seneca,
652 1416 712 1461 Ep.
740 1426 797 1461 41.

323 1469 388 1515 (2)
420 1474 506 1506 Nous
541 1474 675 1514 dextans,
713 1474 818 1515 inquit
847 1473 999 1507 Monta
1014 1481 1126 1515 gne,
1167 1470 1263 1515 Essay
1297 1480 1336 1511 1,
1372 1479 1406 1512 3·

276 1538 352 1561 nous
371 1529 483 1563 clevans
500 1531 534 1564 [α
550 1529 726 1572 βώίεείίοη
751 1538 783 1564 et
793 1530 990 1573 l'obe‘tfflwce
1006 1533 1028 1564 a*
1050 1538 1119 1563 tous
1137 1528 1180 1561 les
1197 1528 1290 1567 Rois,
1323 1526 1404 1558 mais

271 1582 473 1628 ''qqt'matt'on
486 1611 496 1624 ‚
523 1597 598 1620 nous
619 1597 657 1619 ne
682 1588 717 1621 la
735 1588 847 1621 devons
874 1587 948 1630 qu'ti
968 1588 1039 1619 leur
1050 1593 1157 1620 werlu.

324 1637 388 1683 (3)
413 1641 442 1673 K
456 1651 474 1673 a
487 1651 507 1674 n
524 1650 536 1674 t
551 1666 561 1681 ‚
584 1641 734 1684 Ethische
750 1641 911 1675 Didaektik
925 1666 935 1681 ,
958 1652 992 1683 p.
1025 1649 1099 1683 171.

322 1696 386 1741 (4)
410 1698 462 1732 De
483 1698 579 1741 Legg.
605 1698 634 1731 Ι.
665 1708 716 1742 14.

323 1753 387 1799 (5)
411 1755 499 1788 Ante
522 1755 608 1788 Kan
620 1755 730 1788 tium
759 1753 871 1799 <quod
886 1755 1039 1788 observat
1055 1764 1077 1787 v
1091 1764 1108 1787 a
1122 1765 1143 1788 n
1171 1754 1205 1788 H
1221 1763 1239 1788 e
1255 1764 1286 1788 m
1303 1763 1322 1788 e
1338 1759 1381 1787 r‘t
1394 1777 1407 1795 ‚

275 1813 359 1846 Crit.
394 1810 489 1854 Mag.
530 1813 558 1846 Ι.
586 1821 621 1854 p.
652 1809 747 1855 137.)
777 1813 893 1845 rationi
926 1813 1099 1846 PractIcae
1139 1821 1177 1844 ea
1205 1819 1327 1845 tantum
1355 1811 1405 1844 vis

277 1869 346 1902 esse
371 1867 552 1900 habebatur
568 1892 578 1907 ,
615 1876 652 1901 ut
684 1877 747 1911 per
776 1877 847 1902 eam
869 1869 1007 1904 affectus
1029 1870 1188 1904 sensuales
1222 1867 1405 1902 redderen-

276 1933 331 1958 tur
345 1924 518 1958 rationales
527 1949 538 1964 ,
549 1935 654 1967 utque
670 1927 713 1959 ita
723 1925 882 1968 quidquid
893 1929 1006 1960 animal
1021 1926 1212 1967 redoleret,
1227 1933 1386 1959 eruerent
1395 1948 1406 1963 ,

276 1989 312 2015 et
339 1980 472 2014 homine
500 1982 598 2023 longe
621 1981 770 2024 digniore
805 1983 906 2016 modo
934 1985 1000 2018 sese
1042 1975 1267 2024 exsererentj
1299 1989 1406 2023 utque

273 2035 318 2070 ita
346 2038 446 2071 homo
465 2039 585 2080 aptiori
613 2038 716 2072 modo
745 2039 784 2072 ad
813 2039 1008 2073 felicitatem
1037 2038 1220 2081 tenderet3
1259 2037 1316 2073 sed
1339 2037 1406 2070 hoc

275 2094 377 2127 modo
399 2096 557 2129 virtutem
582 2094 751 2130 felicitatis
778 2098 943 2140 appetitos
959 2121 970 2138 ‚
1009 2094 1086 2140 (qui
1113 2097 1244 2140 semper
1280 2095 1406 2130 sensua-

276 2151 308 2184 le
338 2151 417 2192 quid
439 2161 572 2193 manet,
609 2153 691 2187 licet
719 2153 758 2187 ad
779 2154 930 2186 altiorem
964 2151 1122 2196 quandam
1148 2153 1308 2186 rationem
1351 2150 1406 2184 ad-

275 2203 417 2250 ductus)
439 2207 615 2243 ministram
640 2208 712 2244 esse
737 2212 812 2254 quis
829 2219 895 2246 non
923 2208 1048 2245 videt?
1071 2208 1138 2245 sed
1161 2209 1226 2248 hoc
1255 2219 1320 2244 non
1346 2216 1406 2239 vo-
1451 2216 1454 2217 ⁷

1347 2261 1408 2294 luit
