1519 2729
675 166 711 222 (¹
757 164 811 220 22
869 166 907 232 )

231 305 337 356 citur
363 304 539 355 animal,
569 304 750 350 articulis
775 306 977 351 distin-ctis
1004 314 1202 349 notatum.
1271 301 1362 347 Sirr-

159 383 167 390 ·
222 374 369 430 gulare
406 387 536 415 autem
564 386 652 424 est,
698 376 836 429 quod,
883 378 907 418 fi
938 374 1248 425 nutrimentum,
1277 384 1362 417 em*

234 444 378 496 bryoni
418 456 553 496 aptum
584 444 712 494 adfit,
758 445 816 489 illi
847 447 900 486 ita
942 457 1150 491 crescant,
1183 435 1240 486 ¹ut
1269 445 1363 485 arti-

231 513 314 555 culi
349 515 598 567 posteriores
627 515 798 572 maxime
828 517 1099 565 increverint,
1130 514 1223 555 dum
1253 526 1364 554 ante-

230 585 358 628 riores
380 596 430 628 ne
463 583 673 636 conspicui
702 572 864 636 quidem
888 586 980 627 fint.
1035 583 1102 627 Ex
1131 584 1212 624 hoc
1240 585 1365 638 igitur

230 653 495 708 colligeretur
513 683 525 703 ,
571 653 769 696 articulos
799 666 821 696 a
848 655 981 706 capite
1007 651 1214 707 propelli,
1256 653 1365 694 unde

231 721 344 763 fimul
396 722 650 774 explicatur,
696 721 798 775 cur,
842 722 942 767 licet
981 734 1146 777 magnae
1177 719 1216 762 T
1212 723 1366 767 ueniae

231 803 365 845 partes
407 791 596 844 expulsae
624 792 804 842 fuerint,
850 804 1010 841 tamen,
1057 787 1092 833 fi*
1120 794 1243 844 caput
1272 806 1366 835 cor÷

231 864 324 915 pori
352 861 483 905 adhuc
513 862 642 909 inest,
674 874 828 903 novum
859 863 1010 905 oriatur
1039 861 1213 911 animal,
1253 862 1368 916 quod

231 933 352 972 ctiam
368 931 417 971 de
444 933 572 986 priori
599 944 740 973 notare
762 931 909 973 vellem
923 931 1090 985 specic;
1120 931 1225 973 unde
1252 933 1367 975 fimul

233 1001 543 1048 concludimus.
576 1003 834 1047 minutisfima
865 1001 967 1055 liceg
994 1001 1124 1043 forma
1153 1002 1278 1043 adfint
1304 1016 1366 1044 ar-

234 1070 350 1112 ticuli
391 1072 577 1125 priores,
624 1081 757 1114 tamen
803 1073 829 1114 fi
866 1071 1064 1124 plurimae
1108 1070 1368 1124 expelluntur

231 1153 365 1194 partes
395 1141 514 1195 hujus
539 1141 717 1188 verum,
749 1141 908 1183 demum
941 1140 1092 1183 cessare
1129 1142 1276 1183 debere
1300 1157 1367 1184 ac-

233 1212 497 1259 cretiouem,
517 1221 558 1251 et
579 1208 631 1252 fic
664 1211 867 1266 integrum
898 1210 1048 1265 expelli
1080 1211 1212 1264 posse.

292 1281 504 1322 Facillime
521 1310 534 1329 ,
581 1292 626 1322 ut
651 1291 692 1321 ct
719 1281 874 1335 species
900 1282 1171 1336 praecedens,
1216 1283 1369 1336 rumpi-

233 1363 325 1400 tur,
358 1351 425 1392 sed
453 1351 566 1405 quod
593 1350 819 1407 singulare,
852 1364 1036 1405 tempore
1065 1352 1215 1393 vernali
1238 1364 1278 1394 et
1299 1366 1368 1395 au-

236 1420 404 1468 tumnali
429 1432 562 1475 partes
577 1422 627 1464 ab
645 1421 720 1463 illo
738 1422 992 1474 separantur,
1024 1436 1125 1476 quae
1148 1425 1262 1464 vivae
1283 1434 1368 1464 tum

235 1491 329 1532 alvo
372 1491 659 1544 expelluntur,
706 1493 818 1545 quod
846 1493 883 1534 K
900 1495 963 1533 ὂη
982 1495 993 1532 i
1007 1496 1137 1548 gius
1164 1493 1390 1547 probavit.‘

292 1560 536 1614 Plerumque
564 1561 686 1603 semel
714 1561 909 1615 fimulque
935 1576 1037 1604 unus
1058 1565 1096 1603 iu
1125 1577 1208 1605 uno
1237 1564 1370 1605 homi·

233 1645 283 1672 ne
322 1632 552 1684 reperitur,
595 1644 636 1673 et
665 1631 901 1686 frequenter
936 1632 1028 1674 satis
1070 1635 1110 1674 in
1138 1647 1275 1676 nostra
1299 1647 1370 1688 pa-

233 1703 307 1743 tria
335 1698 430 1753 (1).

282 1836 346 1883 (Ι)
384 1838 485 1872 Cous.
529 1839 791 1878 Bremser,
830 1839 851 1873 l.
885 1848 916 1873 c.
945 1821 1371 1888 En{3„9;⁴.J6rdcns‚

227 1886 256 1927 Ῐ.
278 1902 310 1925 c.
339 1893 605 1937 Tom.11.pag.
634 1907 690 1939 40.
726 1896 891 1936 Geze,
917 1897 938 1928 l.
964 1906 996 1930 c.
1018 1907 1091 1940 pag.
1111 1898 1188 1940 269.
1210 1900 1374 1949 Brera.

228 1951 254 1984 1.
279 1959 311 1983 c.
326 1959 400 1993 pag.
419 1961 454 1994 9.
487 1953 674 1994 Coulet,
699 1955 719 1988 l.
746 1963 776 1987 c.
798 1963 870 1997 pag.
892 1955 946 1996 38.

1235 2267 1361 2310 SEc-
1376 2235 1379 2237 ’
