<?xml version="1.0" encoding="UTF-8"?>
<!DOCTYPE html PUBLIC "-//W3C//DTD XHTML 1.0 Transitional//EN"
    "http://www.w3.org/TR/xhtml1/DTD/xhtml1-transitional.dtd">
<html xmlns="http://www.w3.org/1999/xhtml" xml:lang="en" lang="en">
 <head>
  <title>
</title>
<meta http-equiv="Content-Type" content="text/html;charset=utf-8" />
  <meta name='ocr-system' content='tesseract 3.04.00' />
  <meta name='ocr-capabilities' content='ocr_page ocr_carea ocr_par ocr_line ocrx_word'/>
</head>
<body>
  <div class='ocr_page' id='page_1' title='image "annalesacademiae22acad_0654.png"; bbox 0 0 1519 2729; ppageno 0'>
   <div class='ocr_carea' id='block_1_1' title="bbox 694 109 921 195">
    <p class='ocr_par' dir='ltr' id='par_1_1' title="bbox 694 109 921 195">
     <span class='ocr_line' id='line_1_1' title="bbox 694 109 921 195; baseline 0 -14"><span class='ocrx_word' id='word_1_1' title='bbox 694 109 921 195; x_wconf 58' lang='lat'><strong>(⁴24)</strong></span> 
     </span>
    </p>
   </div>
   <div class='ocr_carea' id='block_1_2' title="bbox 237 261 1363 808">
    <p class='ocr_par' dir='ltr' id='par_1_2' title="bbox 237 261 1363 808">
     <span class='ocr_line' id='line_1_2' title="bbox 243 261 1359 318; baseline 0.002 -14"><span class='ocrx_word' id='word_1_2' title='bbox 243 262 326 309; x_wconf 80' lang='lat' dir='ltr'><strong>ulla</strong></span> <span class='ocrx_word' id='word_1_3' title='bbox 349 263 618 317; x_wconf 81' lang='lat' dir='ltr'><strong>exceptione,</strong></span> <span class='ocrx_word' id='word_1_4' title='bbox 659 261 817 309; x_wconf 76' lang='lat' dir='ltr'><strong>aliunde</strong></span> <span class='ocrx_word' id='word_1_5' title='bbox 859 265 998 318; x_wconf 84' lang='lat' dir='ltr'><strong>petita.</strong></span> <span class='ocrx_word' id='word_1_6' title='bbox 1060 263 1359 306; x_wconf 79' lang='lat' dir='ltr'><strong>Praebetratio</strong></span> 
     </span>
     <span class='ocr_line' id='line_1_3' title="bbox 242 332 1362 390; baseline 0.001 -15"><span class='ocrx_word' id='word_1_7' title='bbox 242 334 376 390; x_wconf 71' lang='lat' dir='ltr'><strong>legem</strong></span> <span class='ocrx_word' id='word_1_8' title='bbox 399 332 690 375; x_wconf 84' lang='lat' dir='ltr'>immutabilem</span> <span class='ocrx_word' id='word_1_9' title='bbox 720 336 786 376; x_wconf 90' lang='lat' dir='ltr'><strong>cui</strong></span> <span class='ocrx_word' id='word_1_10' title='bbox 813 337 1028 377; x_wconf 83' lang='lat' dir='ltr'><strong>conveniat</strong></span> <span class='ocrx_word' id='word_1_11' title='bbox 1051 335 1188 384; x_wconf 79' lang='lat' dir='ltr'><strong>actio,</strong></span> <span class='ocrx_word' id='word_1_12' title='bbox 1219 345 1260 375; x_wconf 89' lang='lat' dir='ltr'><strong>et</strong></span> <span class='ocrx_word' id='word_1_13' title='bbox 1288 335 1362 376; x_wconf 94' lang='lat' dir='ltr'><strong>ho-</strong></span> 
     </span>
     <span class='ocr_line' id='line_1_4' title="bbox 241 404 1362 459; baseline 0.001 -14"><span class='ocrx_word' id='word_1_14' title='bbox 241 417 311 446; x_wconf 89' lang='lat' dir='ltr'><strong>mo</strong></span> <span class='ocrx_word' id='word_1_15' title='bbox 338 407 378 445; x_wconf 90' lang='lat' dir='ltr'><strong>in</strong></span> <span class='ocrx_word' id='word_1_16' title='bbox 406 405 480 446; x_wconf 86' lang='lat' dir='ltr'><strong>hac</strong></span> <span class='ocrx_word' id='word_1_17' title='bbox 505 404 596 459; x_wconf 81' lang='lat' dir='ltr'><strong>lege</strong></span> <span class='ocrx_word' id='word_1_18' title='bbox 621 404 889 456; x_wconf 79' lang='lat' dir='ltr'><strong>observanda,</strong></span> <span class='ocrx_word' id='word_1_19' title='bbox 920 405 1036 447; x_wconf 90' lang='lat' dir='ltr'><strong>nullo</strong></span> <span class='ocrx_word' id='word_1_20' title='bbox 1059 404 1223 459; x_wconf 89' lang='lat' dir='ltr'><strong>prorsus</strong></span> <span class='ocrx_word' id='word_1_21' title='bbox 1237 404 1362 446; x_wconf 90' lang='lat' dir='ltr'><strong>modo</strong></span> 
     </span>
     <span class='ocr_line' id='line_1_5' title="bbox 237 475 1363 531; baseline -0.002 -14"><span class='ocrx_word' id='word_1_22' title='bbox 237 476 348 531; x_wconf 76' lang='lat' dir='ltr'><strong>adigi</strong></span> <span class='ocrx_word' id='word_1_23' title='bbox 365 477 515 526; x_wconf 87' lang='lat' dir='ltr'><strong>debet,</strong></span> <span class='ocrx_word' id='word_1_24' title='bbox 543 490 617 530; x_wconf 88' lang='lat' dir='ltr'><strong>per</strong></span> <span class='ocrx_word' id='word_1_25' title='bbox 641 488 820 518; x_wconf 86' lang='lat' dir='ltr'><strong>naturam</strong></span> <span class='ocrx_word' id='word_1_26' title='bbox 837 477 1070 518; x_wconf 85' lang='lat' dir='ltr'><strong>sensualem.</strong></span> <span class='ocrx_word' id='word_1_27' title='bbox 1113 475 1211 517; x_wconf 89' lang='lat' dir='ltr'><strong>Non</strong></span> <span class='ocrx_word' id='word_1_28' title='bbox 1240 477 1363 531; x_wconf 85' lang='lat' dir='ltr'><strong>igitur</strong></span> 
     </span>
     <span class='ocr_line' id='line_1_6' title="bbox 239 546 1361 599; baseline -0.003 -11"><span class='ocrx_word' id='word_1_29' title='bbox 239 546 475 588; x_wconf 79' lang='lat' dir='ltr'><strong>felicitatem</strong></span> <span class='ocrx_word' id='word_1_30' title='bbox 501 558 569 588; x_wconf 86' lang='lat' dir='ltr'><strong>aut</strong></span> <span class='ocrx_word' id='word_1_31' title='bbox 596 546 750 588; x_wconf 87' lang='lat' dir='ltr'><strong>doloris</strong></span> <span class='ocrx_word' id='word_1_32' title='bbox 781 548 1021 588; x_wconf 81' lang='lat' dir='ltr'><strong>vacuitatem</strong></span> <span class='ocrx_word' id='word_1_33' title='bbox 1050 547 1122 588; x_wconf 82' lang='lat' dir='ltr'><strong>fibi</strong></span> <span class='ocrx_word' id='word_1_34' title='bbox 1151 558 1361 599; x_wconf 82' lang='lat' dir='ltr'><strong>eompara-</strong></span> 
     </span>
     <span class='ocr_line' id='line_1_7' title="bbox 239 615 1361 670; baseline -0.002 -13"><span class='ocrx_word' id='word_1_35' title='bbox 239 629 283 657; x_wconf 88' lang='lat' dir='ltr'><strong>re</strong></span> <span class='ocrx_word' id='word_1_36' title='bbox 316 617 467 657; x_wconf 85' lang='lat' dir='ltr'><strong>studeat</strong></span> <span class='ocrx_word' id='word_1_37' title='bbox 491 629 563 669; x_wconf 90' lang='lat' dir='ltr'><strong>per</strong></span> <span class='ocrx_word' id='word_1_38' title='bbox 591 618 804 665; x_wconf 82' lang='lat' dir='ltr'><strong>virtutem,</strong></span> <span class='ocrx_word' id='word_1_39' title='bbox 837 616 904 657; x_wconf 89' lang='lat' dir='ltr'><strong>sed</strong></span> <span class='ocrx_word' id='word_1_40' title='bbox 937 616 1021 656; x_wconf 86' lang='lat' dir='ltr'><strong>sola</strong></span> <span class='ocrx_word' id='word_1_41' title='bbox 1049 615 1152 670; x_wconf 87' lang='lat' dir='ltr'><strong>legis</strong></span> <span class='ocrx_word' id='word_1_42' title='bbox 1178 627 1361 656; x_wconf 88' lang='lat' dir='ltr'><strong>reveren·</strong></span> 
     </span>
     <span class='ocr_line' id='line_1_8' title="bbox 242 684 1362 740; baseline 0 -14"><span class='ocrx_word' id='word_1_43' title='bbox 242 687 297 726; x_wconf 89' lang='lat' dir='ltr'><strong>tia</strong></span> <span class='ocrx_word' id='word_1_44' title='bbox 335 685 418 740; x_wconf 85' lang='lat' dir='ltr'><strong>legi</strong></span> <span class='ocrx_word' id='word_1_45' title='bbox 451 686 708 740; x_wconf 85' lang='lat' dir='ltr'><strong>obtemperet</strong></span> <span class='ocrx_word' id='word_1_46' title='bbox 729 685 892 733; x_wconf 82' lang='lat' dir='ltr'><strong>homo,</strong></span> <span class='ocrx_word' id='word_1_47' title='bbox 937 686 1186 737; x_wconf 87' lang='lat' dir='ltr'><strong>rationisque</strong></span> <span class='ocrx_word' id='word_1_48' title='bbox 1227 684 1362 726; x_wconf 84' lang='lat' dir='ltr'><strong>excel-</strong></span> 
     </span>
     <span class='ocr_line' id='line_1_9' title="bbox 238 745 1193 808; baseline 0 -12"><span class='ocrx_word' id='word_1_49' title='bbox 238 753 404 796; x_wconf 84' lang='lat' dir='ltr'><strong>lentiam</strong></span> <span class='ocrx_word' id='word_1_50' title='bbox 429 745 525 808; x_wconf 62' lang='lat' dir='ltr'><strong>piae</strong></span> <span class='ocrx_word' id='word_1_51' title='bbox 553 766 692 796; x_wconf 75' lang='lat' dir='ltr'><strong>natura</strong></span> <span class='ocrx_word' id='word_1_52' title='bbox 708 754 774 797; x_wconf 87' lang='lat' dir='ltr'><strong>sua</strong></span> <span class='ocrx_word' id='word_1_53' title='bbox 805 755 972 798; x_wconf 86' lang='lat' dir='ltr'><strong>sensuali</strong></span> <span class='ocrx_word' id='word_1_54' title='bbox 995 755 1193 796; x_wconf 82' lang='lat' dir='ltr'><strong>ostendat.</strong></span> 
     </span>
    </p>
   </div>
   <div class='ocr_carea' id='block_1_3' title="bbox 279 905 1318 1017">
    <p class='ocr_par' dir='ltr' id='par_1_3' title="bbox 279 905 1318 1017">
     <span class='ocr_line' id='line_1_10' title="bbox 279 905 1318 951; baseline 0 -16"><span class='ocrx_word' id='word_1_55' title='bbox 279 906 545 939; x_wconf 86' lang='lat' dir='ltr'><strong>OFFICIORUM</strong></span> <span class='ocrx_word' id='word_1_56' title='bbox 575 907 622 936; x_wconf 90' lang='lat' dir='ltr'><strong>IN</strong></span> <span class='ocrx_word' id='word_1_57' title='bbox 651 908 901 951; x_wconf 20' lang='lat' dir='ltr'>PERFECTAU,</span> <span class='ocrx_word' id='word_1_58' title='bbox 933 910 987 938; x_wconf 90' lang='lat' dir='ltr'><strong>ET</strong></span> <span class='ocrx_word' id='word_1_59' title='bbox 1017 910 1072 937; x_wconf 79' lang='lat' dir='ltr'><strong>EA</strong></span> <span class='ocrx_word' id='word_1_60' title='bbox 1105 908 1222 949; x_wconf 84' lang='lat' dir='ltr'><strong>QUAE</strong></span> <span class='ocrx_word' id='word_1_61' title='bbox 1247 905 1318 935; x_wconf 83' lang='lat' dir='ltr'><strong>lM-</strong></span> 
     </span>
     <span class='ocr_line' id='line_1_11' title="bbox 450 977 1162 1017; baseline -0.001 -10"><span class='ocrx_word' id='word_1_62' title='bbox 450 977 669 1008; x_wconf 87' lang='lat' dir='ltr'>PERFECTA</span> <span class='ocrx_word' id='word_1_63' title='bbox 700 978 959 1017; x_wconf 80' lang='lat' dir='ltr'>DICUNTUR,</span> <span class='ocrx_word' id='word_1_64' title='bbox 988 979 1162 1007; x_wconf 83' lang='lat' dir='ltr'><strong>DIVISIO.</strong></span> 
     </span>
    </p>
   </div>
   <div class='ocr_carea' id='block_1_4' title="bbox 226 1100 1362 2139">
    <p class='ocr_par' dir='ltr' id='par_1_4' title="bbox 227 1100 1362 1930">
     <span class='ocr_line' id='line_1_12' title="bbox 296 1100 1361 1160; baseline 0 -17"><span class='ocrx_word' id='word_1_65' title='bbox 296 1100 414 1145; x_wconf 83' lang='lat' dir='ltr'><strong>Hanc</strong></span> <span class='ocrx_word' id='word_1_66' title='bbox 458 1105 622 1158; x_wconf 88' lang='lat' dir='ltr'><strong>quidem</strong></span> <span class='ocrx_word' id='word_1_67' title='bbox 652 1107 822 1148; x_wconf 86' lang='lat' dir='ltr'><strong>rationis</strong></span> <span class='ocrx_word' id='word_1_68' title='bbox 853 1118 1026 1156; x_wconf 83' lang='lat' dir='ltr'><strong>vocem,</strong></span> <span class='ocrx_word' id='word_1_69' title='bbox 1073 1106 1123 1147; x_wconf 89' lang='lat' dir='ltr'><strong>de</strong></span> <span class='ocrx_word' id='word_1_70' title='bbox 1164 1118 1243 1160; x_wconf 85' lang='lat' dir='ltr'><strong>qua</strong></span> <span class='ocrx_word' id='word_1_71' title='bbox 1267 1103 1361 1144; x_wconf 79' lang='lat' dir='ltr'><strong>hae-</strong></span> 
     </span>
     <span class='ocr_line' id='line_1_13' title="bbox 236 1174 1362 1232; baseline 0.002 -21"><span class='ocrx_word' id='word_1_72' title='bbox 236 1181 358 1214; x_wconf 77' lang='lat' dir='ltr'><strong>‚tenus</strong></span> <span class='ocrx_word' id='word_1_73' title='bbox 385 1175 569 1228; x_wconf 82' lang='lat' dir='ltr'><strong>egimus,</strong></span> <span class='ocrx_word' id='word_1_74' title='bbox 600 1176 784 1217; x_wconf 85' lang='lat' dir='ltr'><strong>universe</strong></span> <span class='ocrx_word' id='word_1_75' title='bbox 813 1190 953 1217; x_wconf 87' lang='lat' dir='ltr'><strong>omnes</strong></span> <span class='ocrx_word' id='word_1_76' title='bbox 978 1187 1230 1232; x_wconf 82' lang='lat' dir='ltr'><strong>agnoverunt</strong></span> <span class='ocrx_word' id='word_1_77' title='bbox 1269 1174 1362 1228; x_wconf 87' lang='lat' dir='ltr'><strong>phi-</strong></span> 
     </span>
     <span class='ocr_line' id='line_1_14' title="bbox 233 1239 1361 1299; baseline -0.003 -14"><span class='ocrx_word' id='word_1_78' title='bbox 233 1239 433 1294; x_wconf 75' lang='lat' dir='ltr'><strong>losophi,</strong></span> <span class='ocrx_word' id='word_1_79' title='bbox 466 1257 569 1292; x_wconf 78' lang='lat' dir='ltr'><strong>cum</strong></span> <span class='ocrx_word' id='word_1_80' title='bbox 584 1247 856 1299; x_wconf 78' lang='lat' dir='ltr'><strong>antiquiores,</strong></span> <span class='ocrx_word' id='word_1_81' title='bbox 890 1258 974 1288; x_wconf 89' lang='lat' dir='ltr'><strong>tum</strong></span> <span class='ocrx_word' id='word_1_82' title='bbox 1000 1259 1100 1288; x_wconf 83' lang='lat' dir='ltr'><strong>vero</strong></span> <span class='ocrx_word' id='word_1_83' title='bbox 1131 1247 1253 1286; x_wconf 85' lang='lat' dir='ltr'><strong>etiam</strong></span> <span class='ocrx_word' id='word_1_84' title='bbox 1290 1244 1361 1296; x_wconf 86' lang='lat' dir='ltr'><strong>qui</strong></span> 
     </span>
     <span class='ocr_line' id='line_1_15' title="bbox 232 1313 1360 1367; baseline 0.004 -18"><span class='ocrx_word' id='word_1_85' title='bbox 232 1313 464 1356; x_wconf 68' lang='lat' dir='ltr'><strong>‚recentiore</strong></span> <span class='ocrx_word' id='word_1_86' title='bbox 492 1326 622 1355; x_wconf 86' lang='lat' dir='ltr'><strong>aetate</strong></span> <span class='ocrx_word' id='word_1_87' title='bbox 649 1315 900 1367; x_wconf 72' lang='lat' dir='ltr'><strong>floruerunt3</strong></span> <span class='ocrx_word' id='word_1_88' title='bbox 933 1317 999 1359; x_wconf 80' lang='lat' dir='ltr'><strong>scd</strong></span> <span class='ocrx_word' id='word_1_89' title='bbox 1028 1317 1096 1358; x_wconf 88' lang='lat' dir='ltr'><strong>alii</strong></span> <span class='ocrx_word' id='word_1_90' title='bbox 1122 1315 1239 1357; x_wconf 87' lang='lat' dir='ltr'><strong>aliter</strong></span> <span class='ocrx_word' id='word_1_91' title='bbox 1272 1326 1360 1354; x_wconf 85' lang='lat' dir='ltr'><strong>eam</strong></span> 
     </span>
     <span class='ocr_line' id='line_1_16' title="bbox 232 1381 1358 1440; baseline 0.004 -21"><span class='ocrx_word' id='word_1_92' title='bbox 232 1381 278 1420; x_wconf 88' lang='lat' dir='ltr'><strong>in</strong></span> <span class='ocrx_word' id='word_1_93' title='bbox 318 1381 484 1423; x_wconf 88' lang='lat' dir='ltr'><strong>homine</strong></span> <span class='ocrx_word' id='word_1_94' title='bbox 525 1384 684 1434; x_wconf 82' lang='lat' dir='ltr'><strong>adesse,</strong></span> <span class='ocrx_word' id='word_1_95' title='bbox 731 1386 919 1440; x_wconf 79' lang='lat' dir='ltr'><strong>jussaque</strong></span> <span class='ocrx_word' id='word_1_96' title='bbox 959 1387 1026 1428; x_wconf 88' lang='lat' dir='ltr'><strong>sua</strong></span> <span class='ocrx_word' id='word_1_97' title='bbox 1062 1385 1358 1440; x_wconf 83' lang='lat' dir='ltr'><strong>pronunciare,</strong></span> 
     </span>
     <span class='ocr_line' id='line_1_17' title="bbox 229 1449 1358 1508; baseline 0.004 -20"><span class='ocrx_word' id='word_1_98' title='bbox 229 1449 365 1502; x_wconf 82' lang='lat' dir='ltr'><strong>iisque</strong></span> <span class='ocrx_word' id='word_1_99' title='bbox 392 1451 518 1493; x_wconf 86' lang='lat' dir='ltr'><strong>veluti</strong></span> <span class='ocrx_word' id='word_1_100' title='bbox 545 1453 793 1495; x_wconf 85' lang='lat' dir='ltr'><strong>sanctionem</strong></span> <span class='ocrx_word' id='word_1_101' title='bbox 823 1456 1019 1508; x_wconf 79' lang='lat' dir='ltr'><strong>quandam</strong></span> <span class='ocrx_word' id='word_1_102' title='bbox 1058 1456 1203 1496; x_wconf 80' lang='lat' dir='ltr'><strong>addere</strong></span> <span class='ocrx_word' id='word_1_103' title='bbox 1245 1454 1358 1495; x_wconf 86' lang='lat' dir='ltr'><strong>dixe-</strong></span> 
     </span>
     <span class='ocr_line' id='line_1_18' title="bbox 231 1521 1357 1576; baseline 0.005 -17"><span class='ocrx_word' id='word_1_104' title='bbox 231 1532 341 1564; x_wconf 67' lang='lat' dir='ltr'><strong>tunt.</strong></span> <span class='ocrx_word' id='word_1_105' title='bbox 402 1521 487 1562; x_wconf 88' lang='lat' dir='ltr'><strong>Alii</strong></span> <span class='ocrx_word' id='word_1_106' title='bbox 515 1523 650 1576; x_wconf 79' lang='lat' dir='ltr'><strong>itaque</strong></span> <span class='ocrx_word' id='word_1_107' title='bbox 680 1536 827 1566; x_wconf 86' lang='lat' dir='ltr'><strong>vocem</strong></span> <span class='ocrx_word' id='word_1_108' title='bbox 855 1525 964 1566; x_wconf 78' lang='lat' dir='ltr'><strong>illam</strong></span> <span class='ocrx_word' id='word_1_109' title='bbox 992 1527 1101 1567; x_wconf 69' lang='lat' dir='ltr'><strong>rect-52</strong></span> <span class='ocrx_word' id='word_1_110' title='bbox 1121 1525 1184 1566; x_wconf 66' lang='lat' dir='ltr'><strong>vizi</strong></span> <span class='ocrx_word' id='word_1_111' title='bbox 1210 1538 1230 1564; x_wconf 83' lang='lat' dir='ltr'><strong>a</strong></span> <span class='ocrx_word' id='word_1_112' title='bbox 1260 1522 1357 1564; x_wconf 87' lang='lat' dir='ltr'><strong>Deo</strong></span> 
     </span>
     <span class='ocr_line' id='line_1_19' title="bbox 232 1589 1357 1649; baseline -0.001 -16"><span class='ocrx_word' id='word_1_113' title='bbox 232 1589 289 1633; x_wconf 86' lang='grc' dir='ltr'><strong>Ο.</strong></span> <span class='ocrx_word' id='word_1_114' title='bbox 316 1591 380 1632; x_wconf 82' lang='lat' dir='ltr'><strong>M.</strong></span> <span class='ocrx_word' id='word_1_115' title='bbox 410 1593 620 1645; x_wconf 83' lang='lat' dir='ltr'><strong>proficisci</strong></span> <span class='ocrx_word' id='word_1_116' title='bbox 662 1595 980 1645; x_wconf 82' lang='lat' dir='ltr'><strong>perhibuerunt,</strong></span> <span class='ocrx_word' id='word_1_117' title='bbox 1018 1597 1084 1636; x_wconf 84' lang='lat' dir='ltr'><strong>sua</strong></span> <span class='ocrx_word' id='word_1_118' title='bbox 1108 1595 1289 1649; x_wconf 30' lang='lat' dir='ltr'><strong>&#39;quidem</strong></span> <span class='ocrx_word' id='word_1_119' title='bbox 1315 1594 1357 1632; x_wconf 87' lang='lat' dir='ltr'><strong>in</strong></span> 
     </span>
     <span class='ocr_line' id='line_1_20' title="bbox 230 1662 1357 1719; baseline 0.001 -17"><span class='ocrx_word' id='word_1_120' title='bbox 230 1674 296 1702; x_wconf 80' lang='lat' dir='ltr'><strong>res</strong></span> <span class='ocrx_word' id='word_1_121' title='bbox 317 1662 507 1703; x_wconf 82' lang='lat' dir='ltr'><strong>humanas</strong></span> <span class='ocrx_word' id='word_1_122' title='bbox 535 1664 777 1705; x_wconf 79' lang='lat' dir='ltr'><strong>auctoritate</strong></span> <span class='ocrx_word' id='word_1_123' title='bbox 800 1665 906 1719; x_wconf 85' lang='lat' dir='ltr'><strong>jussa</strong></span> <span class='ocrx_word' id='word_1_124' title='bbox 936 1676 1099 1715; x_wconf 62' lang='lat' dir='ltr'><strong>tuenteg</strong></span> <span class='ocrx_word' id='word_1_125' title='bbox 1133 1664 1200 1705; x_wconf 79' lang='lat' dir='ltr'><strong>alii</strong></span> <span class='ocrx_word' id='word_1_126' title='bbox 1227 1677 1278 1704; x_wconf 87' lang='lat' dir='ltr'><strong>ex</strong></span> <span class='ocrx_word' id='word_1_127' title='bbox 1294 1662 1357 1704; x_wconf 89' lang='lat' dir='ltr'><strong>so-</strong></span> 
     </span>
     <span class='ocr_line' id='line_1_21' title="bbox 227 1733 1357 1788; baseline -0.002 -13"><span class='ocrx_word' id='word_1_128' title='bbox 227 1733 392 1775; x_wconf 67' lang='lat' dir='ltr'><strong>cietatis</strong></span> <span class='ocrx_word' id='word_1_129' title='bbox 444 1735 652 1786; x_wconf 80' lang='lat' dir='ltr'><strong>appetitu,</strong></span> <span class='ocrx_word' id='word_1_130' title='bbox 708 1746 830 1787; x_wconf 84' lang='lat' dir='ltr'><strong>quem</strong></span> <span class='ocrx_word' id='word_1_131' title='bbox 887 1734 958 1787; x_wconf 84' lang='lat' dir='ltr'><strong>ipsi</strong></span> <span class='ocrx_word' id='word_1_132' title='bbox 1004 1735 1160 1776; x_wconf 88' lang='lat' dir='ltr'><strong>homini</strong></span> <span class='ocrx_word' id='word_1_133' title='bbox 1185 1770 1188 1773; x_wconf 25' lang='lat'><em>⁴</em></span> <span class='ocrx_word' id='word_1_134' title='bbox 1211 1734 1357 1788; x_wconf 69' lang='lat' dir='ltr'><strong>indidit</strong></span> 
     </span>
     <span class='ocr_line' id='line_1_22' title="bbox 229 1801 1355 1858; baseline 0.001 -15"><span class='ocrx_word' id='word_1_135' title='bbox 229 1801 380 1851; x_wconf 70' lang='lat' dir='ltr'><strong>Deust,</strong></span> <span class='ocrx_word' id='word_1_136' title='bbox 412 1803 480 1844; x_wconf 88' lang='lat' dir='ltr'><strong>alii</strong></span> <span class='ocrx_word' id='word_1_137' title='bbox 510 1816 560 1845; x_wconf 83' lang='lat' dir='ltr'><strong>ex</strong></span> <span class='ocrx_word' id='word_1_138' title='bbox 590 1804 702 1844; x_wconf 82' lang='lat' dir='ltr'><strong>sensu</strong></span> <span class='ocrx_word' id='word_1_139' title='bbox 732 1804 907 1858; x_wconf 78' lang='lat' dir='ltr'><strong>quodam</strong></span> <span class='ocrx_word' id='word_1_140' title='bbox 939 1804 1170 1855; x_wconf 83' lang='lat' dir='ltr'><strong>felicitatis,</strong></span> <span class='ocrx_word' id='word_1_141' title='bbox 1201 1804 1270 1845; x_wconf 84' lang='lat' dir='ltr'><strong>alii</strong></span> <span class='ocrx_word' id='word_1_142' title='bbox 1287 1803 1355 1844; x_wconf 88' lang='lat' dir='ltr'><strong>de·</strong></span> 
     </span>
     <span class='ocr_line' id='line_1_23' title="bbox 231 1873 1254 1930; baseline 0 -15"><span class='ocrx_word' id='word_1_143' title='bbox 231 1874 356 1927; x_wconf 85' lang='lat' dir='ltr'><strong>nique</strong></span> <span class='ocrx_word' id='word_1_144' title='bbox 385 1873 467 1914; x_wconf 81' lang='lat' dir='ltr'><strong>alio</strong></span> <span class='ocrx_word' id='word_1_145' title='bbox 497 1873 622 1915; x_wconf 80' lang='lat' dir='ltr'><strong>modo</strong></span> <span class='ocrx_word' id='word_1_146' title='bbox 649 1875 691 1915; x_wconf 84' lang='lat' dir='ltr'><strong>id</strong></span> <span class='ocrx_word' id='word_1_147' title='bbox 717 1875 918 1916; x_wconf 81' lang='lat' dir='ltr'><strong>declarare</strong></span> <span class='ocrx_word' id='word_1_148' title='bbox 950 1875 1038 1915; x_wconf 83' lang='lat' dir='ltr'><strong>sunt</strong></span> <span class='ocrx_word' id='word_1_149' title='bbox 1067 1874 1254 1930; x_wconf 76' lang='lat' dir='ltr'><strong>aggressi.</strong></span> 
     </span>
    </p>

    <p class='ocr_par' dir='ltr' id='par_1_5' title="bbox 226 1942 1354 2139">
     <span class='ocr_line' id='line_1_24' title="bbox 291 1942 1354 1987; baseline 0.002 -5"><span class='ocrx_word' id='word_1_150' title='bbox 291 1942 495 1985; x_wconf 85' lang='lat' dir='ltr'><strong>Omnibus</strong></span> <span class='ocrx_word' id='word_1_151' title='bbox 524 1957 655 1986; x_wconf 84' lang='lat' dir='ltr'><strong>tamen</strong></span> <span class='ocrx_word' id='word_1_152' title='bbox 687 1947 808 1987; x_wconf 88' lang='lat' dir='ltr'><strong>officii</strong></span> <span class='ocrx_word' id='word_1_153' title='bbox 837 1946 955 1985; x_wconf 88' lang='lat' dir='ltr'><strong>notio</strong></span> <span class='ocrx_word' id='word_1_154' title='bbox 997 1945 1205 1985; x_wconf 89' lang='lat' dir='ltr'><strong>involvere</strong></span> <span class='ocrx_word' id='word_1_155' title='bbox 1243 1942 1354 1984; x_wconf 82' lang='lat' dir='ltr'><strong>vide-</strong></span> 
     </span>
     <span class='ocr_line' id='line_1_25' title="bbox 226 2008 1353 2070; baseline 0 -18"><span class='ocrx_word' id='word_1_156' title='bbox 226 2012 350 2053; x_wconf 70' lang='lat' dir='ltr'><strong>batui·</strong></span> <span class='ocrx_word' id='word_1_157' title='bbox 380 2018 654 2057; x_wconf 68' lang='lat' dir='ltr'><strong>necessitatem</strong></span> <span class='ocrx_word' id='word_1_158' title='bbox 681 2008 877 2070; x_wconf 83' lang='lat' dir='ltr'><strong>quandam</strong></span> <span class='ocrx_word' id='word_1_159' title='bbox 907 2015 1099 2056; x_wconf 82' lang='lat' dir='ltr'><strong>moralem</strong></span> <span class='ocrx_word' id='word_1_160' title='bbox 1119 2045 1131 2063; x_wconf 88' lang='lat'><strong>‚</strong></span> <span class='ocrx_word' id='word_1_161' title='bbox 1174 2026 1256 2054; x_wconf 91' lang='lat' dir='ltr'><strong>non</strong></span> <span class='ocrx_word' id='word_1_162' title='bbox 1285 2024 1353 2052; x_wconf 88' lang='lat' dir='ltr'><strong>ve·</strong></span> 
     </span>
     <span class='ocr_line' id='line_1_26' title="bbox 229 2084 1352 2139; baseline 0.002 -17"><span class='ocrx_word' id='word_1_163' title='bbox 229 2096 277 2123; x_wconf 88' lang='lat' dir='ltr'><strong>ro</strong></span> <span class='ocrx_word' id='word_1_164' title='bbox 304 2085 507 2136; x_wconf 77' lang='lat' dir='ltr'><strong>physicam</strong></span> <span class='ocrx_word' id='word_1_165' title='bbox 534 2086 642 2128; x_wconf 82' lang='lat' dir='ltr'><strong>illam</strong></span> <span class='ocrx_word' id='word_1_166' title='bbox 662 2118 673 2136; x_wconf 84' lang='lat'>‚</span> <span class='ocrx_word' id='word_1_167' title='bbox 706 2100 728 2127; x_wconf 90' lang='lat' dir='ltr'><strong>c</strong></span> <span class='ocrx_word' id='word_1_168' title='bbox 759 2099 837 2139; x_wconf 81' lang='lat' dir='ltr'><strong>qua</strong></span> <span class='ocrx_word' id='word_1_169' title='bbox 855 2086 980 2126; x_wconf 84' lang='lat' dir='ltr'><strong>homo</strong></span> <span class='ocrx_word' id='word_1_170' title='bbox 1006 2098 1081 2125; x_wconf 85' lang='lat' dir='ltr'><strong>nec</strong></span> <span class='ocrx_word' id='word_1_171' title='bbox 1115 2084 1247 2127; x_wconf 86' lang='lat' dir='ltr'><strong>bonus</strong></span> <span class='ocrx_word' id='word_1_172' title='bbox 1276 2095 1352 2124; x_wconf 84' lang='lat' dir='ltr'><strong>nec</strong></span> 
     </span>
    </p>
   </div>
   <div class='ocr_carea' id='block_1_5' title="bbox 228 2153 1354 2264">
    <p class='ocr_par' dir='ltr' id='par_1_6' title="bbox 228 2153 1354 2264">
     <span class='ocr_line' id='line_1_27' title="bbox 228 2153 1354 2214; baseline -0.002 -20"><span class='ocrx_word' id='word_1_173' title='bbox 228 2153 356 2195; x_wconf 76' lang='lat' dir='ltr'><strong>malus</strong></span> <span class='ocrx_word' id='word_1_174' title='bbox 386 2166 562 2210; x_wconf 83' lang='lat' dir='ltr'><strong>unquam</strong></span> <span class='ocrx_word' id='word_1_175' title='bbox 593 2157 674 2200; x_wconf 83' lang='lat' dir='ltr'><strong>dici</strong></span> <span class='ocrx_word' id='word_1_176' title='bbox 701 2168 866 2214; x_wconf 84' lang='lat' dir='ltr'><strong>potest,</strong></span> <span class='ocrx_word' id='word_1_177' title='bbox 900 2156 967 2197; x_wconf 80' lang='lat' dir='ltr'><strong>sed</strong></span> <span class='ocrx_word' id='word_1_178' title='bbox 993 2154 1210 2198; x_wconf 84' lang='lat' dir='ltr'><strong>secundum</strong></span> <span class='ocrx_word' id='word_1_179' title='bbox 1233 2165 1354 2206; x_wconf 84' lang='lat' dir='ltr'><strong>quam</strong></span> 
     </span>
     <span class='ocr_line' id='line_1_28' title="bbox 1280 2222 1353 2264; baseline 0.014 -1"><span class='ocrx_word' id='word_1_180' title='bbox 1280 2222 1353 2264; x_wconf 92' lang='lat' dir='ltr'><strong>ho-</strong></span> 
     </span>
    </p>
   </div>
   <div class='ocr_carea' id='block_1_6' title="bbox 1517 996 1519 1552">
    <p class='ocr_par' dir='ltr' id='par_1_7' title="bbox 1517 996 1519 1552">
     <span class='ocr_line' id='line_1_29' title="bbox 1517 996 1519 1552; baseline 0 0"><span class='ocrx_word' id='word_1_181' title='bbox 1517 996 1519 1552; x_wconf 95' lang='lat' dir='ltr'><strong> </strong></span> 
     </span>
    </p>
   </div>
  </div>
 </body>
</html>
