1519 2729
584 194 816 255 ,(57)

136 340 294 394 egregia
331 338 368 379 K
383 352 407 379 o
423 350 443 378 e
460 337 473 378 l
489 350 540 378 re
556 349 646 378 ute
662 338 735 378 rii
776 333 855 390 (1)
883 337 1156 389 experimenta
1179 345 1254 374 no-

135 422 184 449 va
213 407 380 449 clariore
408 408 535 448 adhuc
564 408 654 447 luce
685 407 881 448 illustrare
909 405 1119 454 videnturg
1166 417 1255 457 par-

137 480 208 518 tim
235 479 424 531 quoniam
455 479 493 517 in
516 478 720 518 nonnullis
750 476 992 531 gene1·ibuS‚
1033 477 1092 516 uti
1121 477 1160 515 in
1191 487 1258 514 ro·

128 545 184 602 fil
200 578 212 594 ,
237 548 513 601 pelargonm,
543 547 645 587 rubo
673 547 840 600 aliisque
857 577 869 595 ‚
900 545 1094 599 plurimae
1120 543 1262 584 adsunt

138 618 316 671 species⁷
349 630 448 670 quae
479 617 578 657 adeo
610 618 712 656 inter
741 617 779 657 se
805 617 1077 663 conveniunt,
1108 624 1152 654 ut
1175 612 1260 653 fere

139 700 277 728 omnes
306 701 328 728 a
357 688 494 741 paucis
523 687 732 740 speciebus
752 687 970 740 primitivis
997 695 1155 726 exortas
1175 694 1262 722 ere-

141 757 265 797 deres,
325 758 567 798 Accuratius
593 768 723 800 tamen
762 756 805 797 N
821 769 841 796 e
859 770 880 798 c
898 757 923 796 k
939 768 960 796 e
977 757 1024 796 ri
1066 753 1262 794 theoriam

140 827 402 867 consideranti
457 827 575 868 facile
628 839 818 880 apparet,
866 826 985 867 talem
1027 822 1263 865 methodum

140 896 258 949 plane
286 910 367 937 non
393 896 474 936 esse
502 897 784 938 admittendam
812 909 888 938 nec
926 895 1149 935 imitatione
1179 892 1266 945 dig-

140 978 230 1006 nam
247 996 259 1013 ‚
306 978 388 1006 tum
416 979 584 1019 propter
610 965 883 1007 difficultatem
910 965 1048 1005 harum
1078 961 1268 1014 hybrida-

140 1049 227 1076 rum
253 1048 436 1088 parentes
462 1036 753 1090 dignoscendi,
801 1047 883 1076 tum
912 1045 1081 1086 propter
1108 1030 1200 1071 inde
1227 1031 1269 1069 in

140 1105 443 1146 clasfificatione
471 1119 598 1146 ortam
640 1104 970 1160 irregularitatem
1000 1111 1118 1154 quam
1144 1101 1269 1140 maxi-

146 1187 262 1215 mam.
324 1175 587 1230 Quapropter
617 1177 665 1217 de
696 1176 777 1216 hoc
809 1174 1051 1227 systemate,
1083 1170 1269 1223 specioso

142 1244 240 1286 licet
265 1245 527 1287 fundamento
558 1242 849 1299 superstructo,
897 1244 977 1285 hoe
1018 1242 1116 1282 Ioco
1155 1239 1271 1293 plura

142 1316 276 1356 dicere
301 1328 382 1355 non
411 1317 572 1357 necesse
601 1317 786 1366 videtur,
817 1326 949 1367 eoque
977 1313 1134 1360 minus,
1177 1322 1270 1351 cum

142 1387 264 1426 etiam
306 1386 648 1429 Candollius
693 1385 773 1441 (2)
814 1387 986 1438 systema
1015 1384 1119 1424 inter
1147 1381 1271 1420 mixta

94 1464 98 1467 ’
143 1467 361 1498 enumeret.

608 1598 631 1651 g
664 1595 797 1638 XLV.

206 1735 302 1778 Non
344 1738 470 1793 longo
512 1749 604 1791 post
636 1737 916 1790 Stephanus
948 1733 1122 1774 Petrus
1152 1730 1273 1772 Ven-

145 1817 238 1846 ten
255 1818 305 1847 at
322 1838 334 1857 ‚
366 1807 518 1850 Parifiis
543 1808 778 1857 Professor,
823 1817 905 1846 non
933 1815 1079 1845 novam
1110 1801 1273 1856 quidem

1192 1883 1275 1911 me-

145 1980 169 1998 „
191 1964 224 1988 at
246 1955 379 1990 diversis
399 1957 543 1999 patribus
567 1966 665 1992 ortas.
721 1958 840 1990 Novus
877 1954 932 1987 hic
970 1953 1116 1996 aperitur
1144 1960 1276 1994 campus

147 2037 169 2056 „
196 2013 358 2045 Botanieis
375 2039 385 2053 ‚
410 2015 439 2046 in
470 2023 537 2055 quo
565 2005 764 2046 diversarum
790 2012 969 2054 plantarum
992 2009 1117 2051 polline
1142 2005 1277 2040 diversis

146 2074 169 2113 '‚‚
194 2069 342 2102 foeminis
368 2070 474 2103 viduis
500 2070 590 2103 factis
621 2067 857 2108 insternendo‚
880 2073 980 2098 novas
1009 2072 1136 2098 tentent
1162 2063 1276 2097 effice-

147 2150 168 2168 „
193 2136 228 2159 re
256 2128 381 2168 species
411 2127 697 2167 vcg·:tabiliii111.''·

192 2181 254 2227 (ι)
280 2184 379 2217 Cous.
410 2185 450 2215 W
466 2184 475 2216 i
493 2186 499 2215 1
517 2183 548 2218 d.
572 2184 714 2218 Grmulz.
738 2183 796 2216 der
821 2178 1064 2215 Krffiuterknnde
1077 2203 1088 2218 ‚
1112 2179 1130 2222 §
1155 2188 1232 2220 302.

193 2236 256 2284 (2)
281 2240 380 2276 Cous.
410 2241 476 2275 De
506 2240 785 2282 CandoHe,
809 2240 832 2273 l.
856 2238 916 2282 1.§
946 2247 1001 2280 42.
1025 2244 1098 2279 pag.
1117 2235 1174 2270 66.
