1519 2729
707 101 934 201 (26³

255 294 357 324 cam-
386 283 533 337 injeci,
575 283 688 338 quod
727 297 819 326 cum
861 286 991 340 spatio
1021 297 1075 338 24
1103 282 1290 324 horarum
1322 293 1383 323 ter

255 351 479 403 iterassem,
533 366 652 408 aeger
707 354 888 409 sequenti
939 365 1064 397 nocte
1121 352 1252 395 valide
1299 363 1382 392 tor-
1443 394 1448 397 ,

254 421 453 474 quebatur
491 421 712 478 'mingendi
766 437 914 468 conatu
960 425 1113 480 magnis
1166 435 1260 465 cum
1308 434 1379 462 an-

253 491 449 545 goribus;
493 492 626 534 subito
669 504 801 535 autem
843 509 1028 551 magnam
1084 494 1221 536 urinae
1257 493 1382 545 copi-

251 573 316 602 am
359 563 490 612 mifit,
536 573 577 603 et
620 576 713 605 cum
755 564 826 605 illa
859 578 938 619 tres
973 577 1130 606 vermes
1168 572 1381 610 mortuos,

248 634 612 684 quosconvenire
654 635 787 687 reperi
831 647 925 675 cum
967 633 1174 675 vermibus
1226 631 1381 672 intesti-

247 702 406 743 n'alibus
468 704 783 753 communibus,
851 707 1009 746 tertiam
1068 714 1168 744 vero
1241 712 1381 742 eorum

244 783 399 823 partem
455 771 630 813 crassitie
695 775 949 828 aequabant,
1023 785 1065 814 et
1120 769 1378 826 longitudine

245 853 361 882 erant
399 842 451 895 4}
490 842 704 895 pollicum.
766 844 961 898 Sequenti
1004 843 1068 884 die
1098 844 1245 882 iterum
1275 839 1379 880 duos

243 911 368 965 ejecit
404 925 560 952 vermes
604 915 749 963 vivos,
795 917 864 968 qui
891 915 1135 970 frigescente
1175 912 1289 951 urina
1319 909 1380 948 in-

246 981 456 1022 teriebant.
528 982 629 1023 Post
653 983 756 1024 illud
782 996 940 1038 tempus
968 983 1082 1023 sanus
1107 980 1272 1035 aeger.”

298 1048 400 1091 Non
428 1052 654 1093 dubitarem
683 1053 810 1094 hosce
837 1065 995 1094 vermes
1023 1051 1072 1092 ad
1103 1050 1378 1105 Strongylum

239 1120 464 1175 ge‘gantem
486 1122 663 1172 referre,
696 1125 723 1165 fi
754 1123 1013 1165 memorasset
1046 1133 1189 1163 auctor
1212 1133 1285 1161 eos
1312 1133 1378 1161 ru-

240 1190 319 1231 bro
363 1192 505 1232 colore
545 1195 697 1241 tinctos
732 1192 868 1234 fuisse.
955 1192 1042 1246 Jam
1072 1204 1171 1231 vero
1212 1191 1378 1232 ubinam

240 1263 468 1314 pertineant
510 1275 592 1303 non
622 1263 907 1311 certuswsumg
951 1263 977 1304 fi
1021 1260 1248 1303 Lumbrici
1284 1260 1374 1301 fue-

239 1342 362 1380 runt,
391 1331 540 1372 ulceris
570 1331 735 1374 fistulofi
767 1345 847 1386 ope
874 1344 924 1372 ex
953 1332 1153 1372 intestinis
1197 1331 1236 1370 in
1279 1328 1379 1371 vess-

240 1412 327 1440 cam
357 1401 478 1441 delati
507 1403 589 1442 esse
617 1404 794 1450 debent,
841 1414 937 1443 cum
974 1399 1084 1440 nulla
1115 1401 1161 1440 fit
1190 1399 1378 1441 observa-

242 1471 301 1511 tio
347 1483 539 1524 quantum
573 1472 688 1521 scio,
732 1470 958 1512 Lumbrici
985 1472 1025 1510 in
1055 1470 1182 1510 vefica
1212 1468 1276 1509 vel
1307 1479 1370 1508 rc·-

240 1541 360 1581 nibus
401 1543 541 1596 geniti.
601 1540 703 1581 Tale
742 1541 860 1583 ulcus
899 1552 1140 1581 autemnon
1172 1538 1369 1587 adfuisse,

238 1622 405 1664 arguere
433 1611 590 1651 videtur
617 1612 804 1665 aegroti,
849 1611 992 1664 ejectis
1034 1610 1269 1657 vermibus,
1315 1595 1375 1647 in-

236 1693 350 1734 tegra
378 1681 534 1722 sanitas.
609 1681 738 1736 Quod
779 1681 880 1721 dicit
905 1692 1077 1729 auctor,
1123 1691 1194 1720 eos
1225 1690 1376 1719 conve·

236 1750 340 1791 nisse
379 1764 472 1791 cum
503 1749 775 1799 Lutum-icis,
823 1753 903 1792 hoc
935 1752 983 1792 de
1027 1750 1184 1804 Strong
1202 1749 1266 1789 ‘lis
1293 1748 1374 1789 dici

239 1833 404 1874 potest,
448 1832 737 1874 cum-praeter
774 1821 989 1868 colorem,
1034 1831 1198 1860 externa
1241 1817 1374 1858 forma

237 1893 336 1932 mire
379 1905 470 1932 cum
515 1893 564 1932 iis
608 1903 819 1946 cungruat.
879 1891 1027 1944 Neque
1080 1901 1210 1930 tamen
1254 1888 1374 1930 color

236 1963 357 2003 ruber
383 1963 755 2004 characteristicum
784 1961 937 2015 iignum
979 1972 1069 2009 est,
1115 1960 1169 2000 ita
1209 1969 1254 1999 ut
1297 1957 1371 1999 illo

235 2031 396 2075 absente
452 2044 534 2073 non
593 2033 728 2086 posset
773 2031 946 2085 cogitari
993 2028 1274 2086 Strongylus‚
1315 2029 1371 2068 ait

239 2103 346 2148 enim
377 2088 752 2157 Rudolphius
785 2099 896 2156 (1);
927 2129 956 2154 „
987 2099 1143 2142 coloris
1171 2111 1214 2141 ut
1244 2096 1372 2152 pluri·

1261 2179 1371 2208 mum

281 2252 346 2300 (1)
369 2253 621 2298 Rudolph.
645 2254 668 2287 Ι.
692 2254 714 2288 1.
737 2253 814 2288 Vol.
839 2252 884 2285 ΙΙ.
910 2250 944 2285 P.
970 2251 996 2284 1.
1020 2260 1054 2292 p.
1079 2260 1155 2284 212.
