1519 2729
562 193 566 196 ·
626 181 657 237 <
717 188 767 237 19
808 173 862 236 '‘3-

149 302 406 358 -nobilisfima
448 317 585 367 tribu,
630 332 707 361 nec
744 319 925 377 ‘vulgaris
966 325 1107 379 utique
1138 318 1291 381 ingenii

159 398 312 439 homo:
358 400 485 453 eique
505 401 721 456 multiplex
744 404 877 446 fuerat
907 410 1193 461 opportunitas
1231 411 1291 450 in-

149 480 306 536 ·'fignem
328 481 569 539 religi-onis,
602 488 668 526 cui
697 487 958 529 inhaerebant
988 491 1174 542 Arabes,
1199 505 1290 546 per·

155 567 379 606 verfitatem
409 562 696 621 perspiciendi.
788 571 928 625 Itaque
969 573 1209 635 religionem
1241 575 1291 616 ab

154 646 229 688 ista
259 647 517 691 deformitate
547 653 724 693 eximere
755 666 796 695 et
817 655 868 696 ad
896 658 1072 698 nativam
1096 658 1293 700 divinam-

153 742 233 784 que
270 718 466 785 pristinae
504 734 772 789 fimplicitatis
813 746 860 779 ac
899 741 1084 793 puritatis
1114 741 1293 795 speciem

144 813 375 889 reducere,
420 816 646 872 gloriosum
677 832 789 872 erat,
820 814 902 863 vsed
937 824 1064 864 audax
1107 826 1294 878 propofi-
1324 831 1328 834 ’

151 907 263 937 tum:
307 899 419 951 quod
447 912 580 941 mente
611 905 807 957 concepit
837 905 1175 956 Mohammedes‚
1221 907 1291 949 diu

147 980 284 1020 animo
324 981 485 1033 volvit,
531 996 579 1025 ac
617 985 776 1027 tandem
820 987 934 1029 felici
976 1003 1069 1030 cum
1103 990 1292 1031 successu

145 1063 353 1117 aggressus
381 1077 455 1106 est.
532 1066 876 1123 Quandoquidem
908 1084 1008 1112 vero
1044 1073 1082 1114 se
1109 1073 1159 1114 ad
1186 1073 1291 1115 illud

143 1145 443 1200 exsequendum
473 1149 579 1191 haud
605 1153 684 1193 fine
708 1151 790 1194 Dei
828 1155 993 1195 numine
1029 1168 1165 1209 parem
1199 1156 1288 1197 sen-

139 1229 297 1280 tiebat,
341 1243 426 1273 rem
467 1234 629 1275 arduam
671 1235 744 1275 fibi
785 1236 977 1278 divinitus
1022 1240 1285 1281 commissam

140 1310 247 1362 esse,
291 1323 331 1353 et
362 1313 432 1355 fibi
462 1316 546 1369 ipse
576 1315 698 1358 facile
726 1319 946 1372 persuasit,
992 1332 1032 1361 et
1061 1321 1167 1376 aliis·
1190 1336 1279 1364 om-

136 1392 237 1435 nino
281 1396 518 1450 persuadere
550 1399 712 1441 voluit:
756 1412 877 1455 atque
903 1414 982 1444 tam
1009 1404 1048 1445 in
1078 1405 1278 1458 publiea,

137 1490 257 1531 quam
285 1479 326 1519 in
353 1481 508 1534 privata
538 1483 650 1533 vita,
692 1485 734 1524 in
765 1486 1039 1541 omnibusque
1076 1502 1168 1530 cum
1200 1489 1280 1531 ser·

135 1546 354 1613 monibus,
398 1565 482 1605 tum
516 1566 748 1608 actionibus
776 1568 878 1619 suis,
923 1571 963 1610 in
992 1572 1106 1612 vario
1143 1585 1278 1614 rernm

134 1642 392 1697 discrimine,
423 1658 464 1688 et
486 1647 537 1689 ad
563 1662 738 1692 mortem
769 1666 897 1706 usque
920 1654 1146 1707 patefecit,
1177 1655 1278 1709 quid

133 1726 297 1770 factieia
338 1731 439 1781 ista,
497 1732 565 1773 scd
603 1735 744 1775 intima
784 1735 986 1789 persuasio
1032 1736 1197 1779 valerem
1230 1762 1278 1773 -

135 1808 227 1851 Nec
256 1814 401 1854 mirum
433 1815 535 1856 adeo
563 1818 752 1868 accidat,
798 1820 825 1861 fi
855 1819 999 1860 eodem
1017 1851 1030 1871 ‚
1077 1834 1161 1875 quo
1188 1821 1276 1874 ipse

133 1892 386 1946 trahebatur,
420 1897 589 1939 honoris
612 1900 767 1950 studio,
800 1902 1020 1956 populares
1036 1903 1085 1944 ad
1100 1904 1273 1958 priscam

132 1978 251 2017 unius
296 1977 379 2019 Dei
422 1979 648 2023 doctrinam
684 1985 1008 2039 amplectendam
1043 1989 1154 2028 omni
1191 2000 1272 2041 ope

130 2071 301 2104 conatus
331 2061 376 2103 fit
405 2075 675 2116 permovere,
719 2066 908 2121 suamque
927 2063 984 2109 ⁴iis
1012 2071 1272 2112 commenda-

130 2143 234 2183 verit
277 2143 518 2200 religionem
569 2159 614 2188 ut
655 2150 1034 2195 excellentissimum
1075 2154 1272 2196 benefici·

131 2235 198 2267 um
216 2256 228 2277 ‚
260 2240 344 2282 quo
374 2229 548 2272 coelitus
578 2231 758 2274 distincti
779 2233 1062 2290 gloriarentur.
1093 2260 1139 2277 —
1170 2235 1272 2278 Non

645 2315 679 2359 B
712 2330 738 2359 2
1192 2321 1267 2375 igi-
