1519 2729
596 161 626 217 (
681 174 765 217 ,119
823 157 851 214 )

169 314 231 342 ro
265 300 445 355 scripfit,
478 298 505 355 (
512 297 559 351 1)
583 297 775 355 singulas
803 297 952 341 mundi
970 304 1124 353 partes
1144 295 1289 353 perfe-

169 383 324 425 qums,
356 369 565 425 quidquid
597 380 675 412 aut
698 369 754 425 sit
797 379 876 412 aut
910 367 1026 425 fiat,
1068 368 1289 409 naturali-

169 440 243 482 bus
280 439 384 496 fieri
434 450 513 482 aut
542 438 713 495 factum
757 436 841 495 esse
878 437 994 479 docet
1028 436 1288 492 ponderibus

167 520 209 551 et
235 510 425 551 motibus.
603 545 619 569 s
658 522 660 524 ·

223 579 343 620 Alios
365 591 409 621 ut
437 580 645 621 brevitatis
667 580 783 622 causa
808 590 1084 634 praeteream,
1115 577 1193 620 fuit
1219 589 1279 619 re-

166 651 340 691 centiori
373 663 474 691 aevo
518 650 677 706 Anglus
719 649 1049 699 Tolandus‚
1087 650 1158 702 qui
1196 660 1285 688 mo-

167 731 251 761 tum
279 731 485 761 aeternum
509 720 594 761 esse
621 732 661 761 et
680 721 867 761 materiae
895 720 1134 773 proprium,
1164 719 1286 772 eique

99 811 110 821 2
166 803 328 832 omnem
370 790 553 832 ordinem
591 790 675 832 esse
702 790 1041 840 adscribendum,
1081 789 1288 830 existima-

165 871 241 902 ret.
274 858 353 914 (ε)
413 860 576 902 Deinde
604 873 769 916 quoque
814 859 1083 909 HumiuS,
1115 871 1165 911 ex
1202 868 1287 898 me-

165 930 335 971 chanica
350 941 512 970 naturae
542 932 721 980 ratione,
752 929 913 971 omnem
941 942 1073 971 rerum
1104 927 1289 969 ordinem

165 997 454 1051 explicandum
482 998 567 1039 esse
588 1000 773 1049 censuim
805 999 906 1039 dixit
919 999 1132 1045 nimirum,
1162 1008 1292 1049 aeque

167 1066 371 1108 difficilem
402 1066 486 1107 esse
530 1066 850 1120 disquisitionem
889 1066 938 1107 de
979 1077 1147 1115 natura,
1185 1078 1289 1119 quae

165 1137 347 1178 omnium
390 1150 522 1179 rerum
559 1138 757 1179 rationem
794 1139 836 1178 in
876 1136 916 1177 se
958 1135 1037 1177 una
1078 1125 1288 1177 contineat

164 1205 453 1258 sufficientem,
490 1221 537 1249 ac
568 1207 618 1249 de
648 1209 830 1256 ratione,
858 1219 938 1261 qua
961 1205 1136 1261 fingulae
1153 1217 1286 1260 partes

164 1276 243 1317 suis
272 1289 456 1331 quaeque
484 1279 638 1319 viribus
668 1279 873 1333 praeditae
899 1276 984 1318 esse
1012 1277 1179 1330 posfint.
1203 1273 1286 1330 (3)

164 1345 320 1403 Verum¹
359 1345 624 1397 HumiuS,
689 1348 789 1390 licet
842 1348 994 1389 haecce
1065 1357 1281 1400 opponat,

163 1417 412 1470 principium
457 1429 590 1458 tamen
643 1430 727 1459 non
765 1418 971 1471 explicat,
1004 1428 1055 1456 ex
1077 1429 1161 1470 quo
1195 1429 1283 1456 mu-

165 1497 231 1527 tua
286 1481 418 1528 rerum
479 1488 806 1543 contingentium
856 1485 1061 1528 ducenda
1089 1487 1136 1528 fit
1182 1497 1283 1528 con·

165 1557 350 1615 iunctiow,
401 1571 503 1611 quae
529 1570 641 1609 non,
685 1559 757 1600 nifi
792 1569 899 1599 nexu
937 1555 1046 1597 finali
1075 1555 1279 1607 admisso,

165 1616 360 1679 explicari
390 1630 559 1681 poterit.

226 1694 294 1737 Sic
344 1698 465 1751 igitur
517 1700 684 1753 paucis,
743 1709 845 1752 quae
886 1709 964 1751 pro
1013 1696 1153 1738 nostro
1196 1694 1278 1737 suf-

169 1763 305 1806 ficiant
334 1767 532 1818 confilio,
586 1768 780 1822 pleraque
822 1756 1021 1820 exposui,
1074 1779 1159 1807 non
1204 1765 1284 1806 dis-

168 1834 378 1877 serentium
406 1837 746 1891 philosophorum
787 1838 959 1886 iudicia,
1011 1837 1078 1878 sed
1114 1836 1286 1877 deliran-

169 1907 268 1947 tium
296 1905 470 1957 somnia,
512 1921 556 1949 ut
600 1907 873 1950 Velleius
913 1909 982 1949 ait.
1041 1906 1135 1949 Nec
1166 1904 1284 1946 valde

1212 1987 1288 2016 mi·

211 2072 275 2119 (1)
299 2076 399 2110 Cic.
421 2077 522 2111 Acad.
550 2076 675 2122 Quaest.
700 2077 741 2112 L.
765 2077 810 2112 ΙΙ.
834 2086 865 2112 e.
891 2077 945 2120 38.

209 2130 274 2177 (2)
299 2133 330 2166 H
347 2143 365 2166 e
381 2144 400 2166 n
415 2144 435 2166 n
453 2143 470 2167 e
487 2144 502 2167 ι·
518 2143 530 2167 t
546 2159 557 2174 ,
578 2134 697 2181 IWJ'sg.
721 2134 819 2169 Verh.
848 2136 892 2169 D.
914 2134 977 2168 111.
997 2133 1044 2167 bl.
1065 2142 1144 2178 434.

212 2187 275 2233 (3)
300 2190 329 2223 K
344 2199 361 2222 a
376 2198 450 2231 nt,
472 2191 561 2226 Krit.
582 2192 638 2225 der
660 2192 764 2226 Teleol.
788 2191 885 2228 Urth.
909 2191 933 2226 s.
957 2200 1035 2235 372.
