1519 2729
687 155 910 213 (60)

751 292 894 349 §us

261 466 263 468 -
326 435 396 478 De
425 434 559 490 causis
598 436 790 477 externis
823 433 901 490 feu
941 427 1110 478 remotis
1149 432 1279 475 Emo-

654 519 659 526 ’
701 518 885 547 zoorum.

297 648 515 689 Statu'imus
561 649 599 687 in
655 643 911 698 praecedenti
948 644 1199 699 paragrapho
1233 654 1366 684 ortu-m

236 716 522 757 —Jintozoefmmz
566 715 828 769 repetendum
868 714 950 754 esse
976 728 997 755 a
1023 716 1159 755 vitiata
1185 725 1226 754 et
1253 713 1366 754 debi-

239 785 351 826 litata
382 788 552 838 partium
580 786 721 841 agendi
741 785 923 833 ratione3
958 784 1232 824 recenseamus
1259 795 1367 824 nunc

238 849 376 896 causas
413 868 613 907 remotas,
663 868 763 911 quae
792 855 894 896 hanc
921 855 1147 909 proximam
1177 853 1367 896 inducere

237 927 421 980 possunt.
982 919 984 923 '
1197 976 1199 979 ι

297 995 702 1038 Αεῑιπμῐῃῐεῑηείὒιιε
727 997 780 1038 ob
812 997 1007 1038 laxiorem
1036 997 1224 1050 corporis
1251 1007 1365 1037 com-

236 1077 381 1121 pagem
410 1057 731 1119 ct‘'·lang1.1ente1n
764 1069 1044 1108 intestinorum
1072 1063 1226 1107 tonum'
1245 1062 1366 1105 facile

235 1148 478 1191 generantur
519 1149 674 1176 vermes
719 1138 758 1176 in
808 1138 1037 1186 intestinis3
1082 1135 1136 1175 ob
1181 1135 1367 1175 inertiam

234 1217 340 1245 vero
377 1200 471 1245 bilis
511 1215 551 1244 et
589 1207 696 1246 muci
740 1205 928 1261 glutinosi
972 1207 1165 1260 majorem
1204 1205 1367 1257 copiam

240 1288 322 1316 non
352 1275 609 1328 expelluntur
652 1275 717 1317 sed
767 1287 902 1328 aptum
947 1277 1156 1317 inveniunt
1196 1275 1367 1323 locum,

235 1347 280 1386 'in
313 1358 396 1398 quo
433 1344 674 1385 nidulentur.
738 1345 777 1387 H
796 1348 849 1400 ip
867 1360 893 1400 p
909 1359 934 1386 o
951 1360 972 1386 c
988 1352 1042 1386 ra
1059 1332 1108 1386 te
1124 1359 1141 1386 s
1168 1347 1249 1401 jam
1266 1345 1370 1385 dixit

241 1416 399 1469 Aphor.
440 1414 592 1455 XXVI.
627 1415 735 1456 Soet.
767 1415 840 1456 ΙΙΙ.
886 1445 913 1468 ,,
944 1417 999 1455 At
1037 1408 1200 1468 paulum
1239 1422 1370 1453 aetate

236 1485 456 1540 progresfis
484 1486 663 1538 (dixerat
694 1487 801 1525 enim
832 1485 880 1526 de
911 1482 1209 1535 dentientibus)
1239 1480 1371 1523 Lum-

239 1554 353 1596 brici
391 1564 573 1603 teretes,
616 1551 893 1608 Ascarides.’'
953 1554 1059 1595 Illud
1099 1565 1196 1594 vero
1238 1553 1371 1593 omnis

240 1626 326 1665 aevi
355 1620 602 1677 expeffientia
630 1625 911 1665 confirmatum
937 1636 1011 1664 est.

289 1693 495 1747 ‘Corporis
512 1694 757 1750 constitutio.
790 1694 858 1734 Ob
877 1695 1033 1735 easdem
1050 1693 1184 1734 causas
1200 1724 1213 1742 .,
1245 1703 1370 1745 prop-

238 1775 303 1803 ter
317 1776 415 1817 quas
430 1764 601 1804 infantes
616 1763 803 1805 infestare
820 1763 949 1804 solent
965 1775 1120 1804 vermes
1135 1791 1147 1810 ‚
1180 1760 1372 1802 infestant

239 1834 346 1875 inter
372 1834 528 1875 adultae
571 1837 710 1875 aetatis
747 1831 962 1885 homines,
1003 1833 1227 1881 mulieres,
1259 1831 1371 1873 v'iros

241 1904 485 1955 debiliores,
547 1905 732 1959 torpidos
787 1915 827 1943 et
889 1901 1367 1955 leuco-phlegmaticos.

240 1973 472 2024 flebimus,
505 1975 652 2028 quibus
681 1986 815 2015 motus
843 1973 1109 2027 peristalticus
1133 1974 1264 2026 viget,
1282 1972 1371 2024 qui-

242 2043 317 2083 bus
363 2046 651 2085 nutrimentum
702 2046 742 2084 in
785 2045 970 2097 corporis
1018 2054 1198 2083 naturam
1252 2052 1372 2083 omne

244 2115 521 2161 convertitur,
567 2128 650 2154 rara
691 2127 752 2155 est
779 2115 1043 2162 verminati03
1088 2124 1211 2165 quum
1240 2124 1372 2153 autem

244 2184 385 2237 vigore
416 2183 555 2225 debito
581 2198 713 2238 partes
742 2196 877 2228 carent
894 2215 906 2235 ‚
952 2182 1052 2223 adeo
1083 2193 1126 2223 ut
1154 2194 1255 2236 quae
1282 2182 1386 2222 asfi-·

1300 2262 1372 2291 ml-
