1519 2729
530 198 557 254 (
616 195 752 253 250

91 336 129 378 se
170 347 347 377 naturam
379 336 702 390 benignissimam
736 344 778 374 et
814 330 1056 386 providam,
1101 342 1204 384 quae

86 407 144 446 ita
184 406 311 446 brutis
349 405 576 455 succurrat,
622 417 698 452 ut,
744 403 838 444 dum
872 402 1048 455 undique
1083 399 1208 442 hosti-

86 476 161 516 bus
186 475 430 516 circumdata
443 476 537 524 fint‚
569 474 648 516 sese
673 485 756 514 non
784 473 907 514 modo
937 471 1150 513 defendere
1165 482 1209 513 et

86 545 224 590 cibum
253 544 324 585 fibi
356 557 588 597 comparare
618 554 795 598 queant,
820 543 885 584 sed
912 553 952 582 et
981 543 1029 582 iis
1056 542 1207 584 ducan-

26 612 29 615 ⁴
87 614 346 662 tt1r÷studiiS‚
391 615 537 667 quibus
567 626 692 669 genus
721 615 847 665 suum*¹
869 611 1082 653 sustentent
1107 623 1209 653 con·

88 685 352 737 serventque:
385 697 467 736 quo
497 683 607 725 facto
634 684 819 731 nullum,
865 681 998 735 quoad
1033 681 1206 731 scimuS‚

89 753 316 794 animalium
348 755 453 805 perit
483 766 636 808 genus,
669 754 735 795 sed
759 754 956 794 continuo
977 763 1017 793 et
1052 751 1123 792 fibi
1148 753 1207 792 in·

87 824 217 866 vicem
250 822 496 874 inserviunt,
528 836 569 866 et
597 823 831 866 hominibus
859 821 1107 864 conducunt.
1150 825 1151 828 ’

581 964 621 1016 5.
653 963 725 1004 IV.

142 1099 212 1142 De
257 1103 431 1156 organis
461 1102 529 1143 vel
554 1100 751 1142 memhris
776 1100 1053 1155 quibusdam,
1094 1098 1155 1142 ad

195 1168 462 1226 stragularem
505 1171 800 1213 nonnullorum
837 1171 1095 1213 animalium

258 1237 405 1295 usiam,
453 1242 506 1284 iis
540 1239 848 1297 sapientissimo
876 1239 1039 1296 confilio

433 1307 440 1314 ’
501 1304 503 1307 ’
551 1309 741 1352 tributis.

145 1449 499 1507 Quemadmodum
527 1450 679 1492 diversa
704 1449 791 1491 sunt
805 1450 1003 1492 elementa
1019 1480 1033 1500 ,
1064 1451 1104 1490 in
1120 1451 1208 1504 qui-

87 1519 163 1560 bus
191 1523 333 1563 vivunt
356 1520 568 1569 animalia,
615 1519 867 1573 multumque
899 1519 1124 1574 discrepant
1151 1520 1210 1559 vi-

90 1600 151 1629 tae
178 1602 322 1643 genera
357 1602 396 1632 et
437 1588 674 1642 instinctus,
719 1593 772 1632 ita
809 1593 928 1633 etiam
959 1604 1041 1632 non
1084 1589 1209 1630 modo

89 1659 195 1698 varia
224 1651 376 1701 ratinne
427 1663 650 1714 compofita
687 1661 775 1702 sunt
815 1662 931 1703 bruta
968 1662 1208 1710 animantia,

95 1726 164 1767 sed
192 1739 232 1768 et
259 1730 519 1784 fingularibus
540 1732 738 1772 interdum
761 1732 920 1786 organis
949 1742 990 1771 et
1021 1731 1212 1771 membris

92 1797 292 1839 instructa.
361 1800 486 1854 Quod
517 1814 608 1842 cum
635 1803 776 1855 paucis
806 1801 983 1842 indicare
1011 1800 1180 1841 velimus
1198 1830 1211 1851 ‚

94 1867 287 1921 quomodo
321 1882 367 1909 ea
408 1870 594 1912 instructa
622 1874 722 1924 fint‚
767 1884 808 1914 et
837 1885 956 1927 quem
982 1871 1027 1912 in
1054 1870 1212 1925 finem,

90 1938 482 1980 animadvertendum
508 1942 597 1982 erit.

147 2007 192 2048 In
237 2009 381 2049 Suecia
426 2009 595 2051 habetur
638 2010 807 2052 societas
859 2011 1096 2060 hominum,
1142 2011 1212 2064 qui

86 2078 129 2118 in
161 2077 330 2118 fundum
366 2080 483 2119 maris
518 2079 789 2130 descendunt,
827 2092 897 2130 ut,
943 2081 968 2122 fi
999 2081 1097 2134 quid
1123 2093 1214 2134 pre-

66 2148 176 2189 -tiofi
220 2148 449 2197 inveniant,
493 2148 596 2190 illud
635 2151 728 2191 inde
767 2162 988 2204 reportent.
1087 2149 1211 2194 Hune

86 2216 129 2258 in
153 2216 280 2259 finem
318 2229 484 2260 utuntur
527 2222 751 2274 campana,
795 2221 909 2264 cuius
950 2220 993 2262 in
1033 2224 1211 2265 cacumi-

1158 2302 1211 2335 sse
