1519 2729
593 140 817 201 (275)

141 284 228 338 pria
269 283 385 333 sumt,
430 280 498 323 sed
538 282 783 336 principium
813 291 874 322 est
909 280 1158 322 auctoritatis
1193 279 1261 320 le«.

141 366 235 409 gum
277 353 543 406 practicarum
560 382 573 402 ‚
605 352 751 406 suaque
778 352 1014 393 auctoritate
1037 350 1149 405 leges
1178 350 1254 389 im-

141 435 294 476 ponere
335 421 536 464 voluntati
579 421 706 463 solet:
751 434 812 463 est
839 435 885 463 ea
910 419 1101 470 facultas,
1129 431 1251 472 quam

139 491 583 545 Philosophia-Critica
612 493 795 535 rationis
816 493 1045 547 practicae
1089 490 1254 531 nomine

139 561 356 616 insignivit.
390 561 471 615 (ι)

150 663 167 671 ,.
197 630 314 673 Hanc
353 631 485 687 legem
527 633 604 672 iam
647 644 748 686 puer
798 632 871 674 fibi
905 630 1130 685 impofitam
1169 627 1257 668 sen-

142 703 217 750 tit,
264 715 358 746 cum
400 704 441 743 in
479 701 687 752 ludendo,
738 703 836 756 quid
877 703 1026 743 iustum
1069 700 1115 740 fit
1158 696 1257 751 quid

141 773 364 821 iniustum,
402 772 600 812 continuo
640 772 932 813 animadvertit.
991 769 1091 824 Quo
1129 768 1259 822 magis

140 853 273 882 autem
301 840 340 881 se
380 839 587 891 explicant
614 840 826 883 facultates
867 839 1037 882 morale-s
1055 870 1068 890 ,
1097 851 1148 878 eo
1175 849 1274 878 ma·-

139 912 204 965 gis
243 909 282 951 se
323 909 454 962 ipsum
495 909 614 950 sentit
656 912 832 954 iudicem
862 913 1068 953 actionum
1098 920 1140 951 et
1170 906 1259 948 sen-

140 980 255 1022 suum
282 980 547 1029 intimorum,
579 991 620 1020 et
647 981 688 1020 in
719 982 757 1022 se
782 981 871 1034 ipso
905 977 1079 1020 tribunal
1111 976 1260 1018 consti·

140 1051 230 1092 tuit.
292 1048 377 1103 Qui
406 1050 531 1104 igitur
553 1050 593 1089 in
625 1051 850 1092 moralitate
886 1049 1138 1103 aliquatenus
1169 1045 1259 1086 sunt

140 1121 366 1175 progresfi‚
399 1120 441 1160 hi
480 1121 639 1162 virtutis
664 1132 908 1174 praecepta,
938 1133 960 1160 a
986 1119 1142 1160 ratione
1167 1128 1259 1170 pra-

139 1192 249 1232 ctica
289 1189 488 1231 voluntati
527 1192 738 1243 imposita,
786 1189 932 1244 procul
974 1188 1128 1238 dubio,
1173 1197 1259 1226 tan-

141 1274 261 1314 quam
304 1260 539 1314 praestantifi
575 1272 617 1301 et
658 1261 853 1315 dignitate
895 1260 1083 1313 insignia,
1123 1255 1260 1297 lauda-

141 1331 271 1379 bunt,
318 1331 472 1385 quippe
499 1331 666 1371 rationis
709 1330 956 1370 theoreticae
996 1339 1077 1381 ope
1116 1337 1261 1367 eorum

141 1399 377 1454 dignitatem
404 1401 694 1454 percipientes,

197 1468 516 1523 Comparatione
556 1468 730 1511 instituta
768 1470 872 1509 inter
896 1467 1003 1508 sensa
1029 1477 1166 1508 nostra
1195 1468 1258 1507 in-

142 1553 253 1590 terna
293 1541 556 1592 actionesque
595 1538 777 1587 nostras,
821 1550 861 1596 et
897 1538 1030 1593 legem
1066 1536 1262 1579 moralem

141 1610 264 1650 nobis
318 1621 340 1650 a
387 1609 543 1649 ratione
593 1609 775 1662 practice
824 1609 1078 1661 impositam,
1123 1607 1180 1648 sui
1220 1618 1263 1648 et

142 1677 277 1731 aliqua
303 1692 355 1720 ex
380 1691 492 1731 parte
523 1680 642 1719 etiam
664 1678 834 1720 aliorum
862 1680 1039 1732 percipit
1066 1677 1262 1722 moralem

141 1747 207 1788 vel
226 1747 489 1803 dignitatem,
516 1750 582 1790 vel
611 1750 862 1803 pravitatem.
891 1747 972 1802 (2)
1013 1747 1056 1788 Si
1083 1746 1260 1790 animadf

142 1829 270 1858 vertat
307 1819 542 1873 dignitatem
581 1831 623 1860 et
666 1821 989 1862 convenientiam
1035 1830 1128 1860 cum
1168 1816 1262 1870 lege

144 1888 319 1939 morali,
358 1891 485 1930 oritur
536 1890 787 1941 aestimatio,
833 1891 1084 1939 reverentia,
1127 1887 1266 1931 sensus*>

1170 1971 1260 1998 mo-

186 2057 251 2103 (1)
277 2060 304 2092 Κ
321 2068 425 2100 ant,
463 2060 550 2093 Krit.
584 2060 642 2093 der
669 2062 783 2097 Pract.
811 2061 907 2096 Vern.
946 2061 970 2095 s-
1006 2061 1079 2096 116.
1115 2058 1262 2093 Rein-

147 2114 168 2147 h
185 2115 294 2156 ard,
319 2125 342 2149 t.
366 2126 394 2150 a.
417 2127 451 2159 p.
475 2116 521 2149 bl.
540 2125 617 2159 215.

191 2169 254 2216 (2)
280 2173 306 2206 K
324 2182 374 2206 an
392 2181 403 2207 t
419 2197 430 2215 ‚
452 2173 681 2218 Tugendlehre‚
707 2175 731 2210 s.
755 2182 819 2218 35,
845 2175 899 2211 86.
