1519 2729
714 167 935 226 (92)

247 306 433 359 ponenda
472 304 585 354 esse,
626 314 704 358 pro
744 307 898 347 viribus
927 315 1130 361 exponere
1158 314 1222 345 me
1246 302 1380 360 jubet*

248 377 432 429 quaestio
461 377 502 417 in
531 374 703 416 medium
731 374 902 429 prolata.

693 512 720 567 ς
749 477 902 572 mx.

301 650 492 694 Methodi
512 649 576 692 vel
607 647 816 703 systemata
855 647 1074 699 naturalia,
1116 662 1217 705 quae
1258 660 1362 691 non·

243 721 362 762 nullis
388 732 552 775 quoque
577 719 899 763 classificationes
934 721 1130 763 naturales
1164 722 1362 770 audiunt,

239 791 280 830 in
320 801 401 831 tres
439 788 580 830 classes
619 789 923 844 distinguendae
963 789 1080 839 sunt,
1130 800 1170 829 et
1223 802 1361 832 revera

238 859 534 915 distinguuntur
561 871 583 898 a
607 857 870 912 scriptoribus
894 860 1109 900 Botanicis
1125 889 1139 907 ‚
1169 871 1219 900 ex
1237 860 1359 900 variis

242 930 481 982 principiis,
526 928 672 981 quibus
710 929 840 969 variae
878 925 1059 970 methodi
1090 928 1360 983 superstruim-

239 1009 318 1040 tur.
989 1006 991 1008 ·

298 1067 364 1109 Ad
391 1066 558 1121 primam
585 1063 751 1109 classem
780 1078 848 1108 eae
882 1065 1109 1108 referuntur
1149 1065 1359 1115 methodi,

241 1148 345 1190 quae
383 1138 424 1177 in
450 1136 596 1189 plantis
622 1136 850 1177 ordinandis
877 1136 1073 1190 quosdam
1097 1147 1240 1175 eorum
1265 1135 1360 1176 cha-

240 1217 440 1255 κεῖθι-ες,
472 1206 702 1258 praesertim
727 1217 914 1246 externos
944 1205 1162 1252 adhibent,
1208 1215 1361 1256 eosque

243 1280 496 1329 nequaquam
527 1274 631 1316 fixos
672 1274 736 1316 vel
778 1274 1090 1324 determinatos,
1135 1273 1202 1314 sed
1239 1275 1360 1315 unice
1387 1275 1400 1278 “

240 1356 358 1386 certo
386 1344 561 1398 quodam
592 1354 699 1385 tactu
730 1343 1028 1384 discernendos

300 1413 508 1455 Secundae
535 1413 646 1454 clasii
675 1413 982 1454 adnumerantur
1014 1411 1107 1453 illae
1149 1411 1357 1462 methodi,

241 1484 453 1537 inquibus
493 1495 633 1522 omnes
677 1483 846 1523 omnino
887 1480 1114 1535 plantarum
1152 1481 1358 1522 characte-

244 1565 338 1603 res,
369 1552 613 1604 omniaque,
644 1562 745 1604 quae
768 1551 818 1591 ad
844 1563 979 1592 earum
1013 1561 1191 1592 naturam
1224 1551 1360 1604 ,perti-

243 1635 369 1673 nent,
400 1623 503 1661 inter
531 1621 570 1661 se
596 1632 893 1673 comparantur.

297 1691 475 1733 Tertiam
487 1724 489 1726 ,
504 1690 676 1743 denique
704 1689 868 1730 classem
893 1688 1138 1730 constituunt
1151 1688 1357 1739 methodi,

240 1762 290 1805 ad
319 1775 418 1816 quas
445 1760 675 1802 condendas
703 1760 822 1800 etiam
849 1758 1102 1800 solummodo
1129 1759 1247 1812 pauci
1263 1757 1359 1799 chae

243 1844 417 1874 meteres
439 1830 699 1878 adhibentur,
731 1828 800 1869 fixi
829 1841 927 1869 vero
962 1841 1009 1869 ac
1040 1827 1143 1867 bene
1181 1827 1357 1868 circum-

243 1901 411 1955 scripti,
442 1911 482 1940 et
509 1898 607 1940 eum‘
636 1899 677 1938 in
706 1897 897 1947 modum,
938 1908 983 1937 ut
1016 1895 1117 1936 alter
1150 1895 1357 1938 character

242 1970 356 2012 alteri
383 1980 678 2023 postponatur,
710 1969 763 2008 ita
792 1979 836 2008 ut
863 1968 924 2007 his
954 1967 994 2006 in
1030 1965 1232 2007 methodis
1266 1976 1357 2006 vera

242 2040 516 2080 chri-aeterum
537 2038 815 2079 subordinatio
840 2036 1075 2080 instituatur.

299 2108 484 2149 Botanici
529 2107 680 2149 Gallici
723 2108 860 2148 harum
899 2104 1139 2146 diversarum
1176 2103 1356 2146 clasfium

242 2177 456 2221 methodos
486 2177 644 2219 brevius
671 2176 906 2233 appellant,
951 2175 1011 2216 uti
1046 2174 1161 2229 supra
1187 2174 1268 2229 Jam
1299 2172 1358 2212 di-

1270 2253 1359 2284 ver·
