1519 2729
597 205 820 265 (67)

133 346 305 401 regu-inis
332 344 454 396 Diis,
486 358 730 400 quacunque
756 347 916 390 tandem
955 351 1130 406 imagine
1158 350 1268 395 effle-

133 418 215 465 εἰς,
248 417 402 458 cultum
429 417 608 458 divitium
644 418 906 474 denegarunt.
994 421 1267 465 Accesserant

131 497 264 527 tamen
295 485 419 527 multa
436 517 448 535 ,
494 488 642 540 quibus
669 488 850 543 Jehovae
877 491 1011 533 cultus
1039 492 1269 535 luculenter

132 556 356 598 vindicatus
383 569 424 597 et
448 570 591 599 auctus
614 570 657 599 et
683 561 953 615 amplificatus
976 564 1034 604 fit.

190 625 246 667 Et
299 629 474 681 primum
519 628 681 682 quidem
724 634 979 676 vindicarunt
1020 632 1264 689 religionem

129 695 294 749 plurimi
312 710 426 752 reges
442 700 554 754 regni
566 698 724 753 Judaici
735 733 748 752 ‚
778 705 817 743 in
835 704 984 757 quibus
996 704 1263 759 JosaphatuS‚

130 764 295 807 Hiskias
325 779 366 808 et
389 767 516 822 Jofias
545 771 777 823 optimede
801 786 920 828 gente
933 774 1100 829 Judaica
1130 776 1265 819 meriti

129 835 232 877 sunt.
277 835 599 882 'Destruxerunt
643 842 751 882 enim
796 855 879 884 non
908 855 1093 895 tantum,
1138 859 1264 899 quae·

126 919 289 959 cunque
332 907 389 956 ad,
423 908 626 949 idolorum
666 911 925 967 pluriumque
961 914 1148 957 Deorum
1176 916 1262 971 cul:

126 986 212 1018 tum
261 978 536 1030 pertinerent,
597 980 664 1021 sed
712 981 953 1037 religionem
1003 985 1229 1027 Mofaicam
1247 1016 1262 1037 ‚

123 1058 294 1100 eamque
323 1059 346 1088 a
375 1046 536 1088 Davide
565 1061 607 1090 et
635 1050 857 1095 Salomone
888 1067 1135 1110 magnopere
1178 1069 1263 1097 am·

123 1116 368 1170 plifieatam‚
401 1119 664 1162 instaurarunt
693 1121 871 1165 feliciter
897 1137 938 1165 et
966 1125 1016 1166 ad
1045 1127 1262 1179 pristinum

121 1189 249 1229 adeo-
281 1191 466 1245 vigorem
508 1191 773 1236 adduxerunt.
859 1194 1102 1250 Josaphatus
1152 1197 1261 1239 enim

90 1257 283 1309 ‚scholas
324 1262 426 1315 erigi
466 1261 608 1315 jussit,
653 1265 695 1304 in
736 1264 886 1317 quibus
931 1266 1136 1306 universus
1183 1279 1262 1319 po-

58 1326 72 1338 *
121 1329 243 1382 palus
273 1329 406 1384 legem
436 1330 663 1371 Mosaicam
689 1333 933 1391 doceretur,
965 1334 1115 1387 quibus
1142 1348 1258 1389 prae-

121 1397 222 1441 fecit
250 1397 478 1440 sacerdotes
508 1399 755 1454 Levitasque
796 1401 905 1456 (ζὼς
950 1404 1155 1458 multaque
1182 1405 1261 1454 alia

121 1469 319 1518 instituit,
366 1483 460 1514 cuin
500 1471 556 1518 adj
582 1471 811 1525 pellendam
842 1474 1115 1519 idololatriam
1147 1475 1258 1530 (b),

122 1551 204 1581 tum
234 1541 285 1582 ad
313 1541 378 1595 jus
406 1542 551 1594 populi
581 1543 867 1585 vindicandum
896 1543 1000 1599 (c),
1038 1547 1255 1601 aptissima.

120 1607 284 1650 H-zskias
306 1622 439 1652 autem
470 1607 736 1666 interruptum
767 1627 788 1654 a
816 1616 929 1667 patre
957 1617 1128 1658 Achazo
1164 1631 1257 1659 om-

122 1692 213 1720 nem
258 1680 413 1722 cultum
454 1682 686 1726 mosaicum
741 1685 941 1735 restituit,
985 1699 1026 1727 et
1070 1701 1172 1729 unus
1212 1689 1255 1730 in

118 1753 258 1803 paucis
301 1752 380 1792 fuit
423 1752 626 1794 sacrorum
668 1754 912 1797 reformator
940 1756 1255 1805 celeberrimus,

115 1820 294 1875 jehovae
336 1822 474 1864 causac
515 1824 779 1865 vindicandae
831 1826 960 1867 studio
1002 1827 1254 1882 flagrantisfi·

118 1903 234 1940 mus,
268 1893 335 1944 qui
367 1893 469 1933 adeo
498 1905 578 1935 uon
606 1893 783 1948 Judaeos
809 1907 991 1944 tantum,
1037 1897 1103 1936 sed
1131 1899 1251 1937 etiam

52 1974 55 1980 ’
118 1959 259 2001 decem
289 1962 466 2003 tribuum
498 1965 609 2006 cives
638 1963 969 2021 Hierosolymam
992 1967 1175 2008 invitavit
1201 1965 1251 2009 ad

1193 2035 1251 2079 sa-

160 2129 223 2177 ζα)
249 2143 266 2166 2
290 2132 414 2169 Chron.
435 2133 540 2168 XVII:
567 2144 589 2178 7
605 2147 662 2178 ·9.

161 2189 222 2232 (b)
247 2201 265 2224 2
291 2191 416 2225 Chron.
441 2192 548 2225 XVII:
578 2193 625 2232 6,
649 2193 740 2228 Xle
769 2202 801 2236 3.

160 2244 217 2291 (c)
240 2258 257 2281 2
284 2247 409 2282 Cliron.
433 2248 522 2284 XIX:
546 2259 659 2292 5·11.

627 2307 663 2351 E
699 2322 725 2350 2
