1519 2729
754 204 974 260 (20)

329 342 705 384 'Ludovicus
755 340 1002 389 Gerard,
1062 332 1319 382 Sauvasii
1380 349 1420 378 et

307 410 579 452 Bernardi
618 409 901 464 Jussievii
955 409 1205 463 discipulus,
1262 409 1419 450 metho-

307 482 399 522 dum
417 512 430 531 ‚
488 482 541 534 63
581 479 751 520 familias
802 481 1074 521 continentem
1090 508 1103 526 ‚
1161 477 1286 518 edidit
1322 475 1417 529 (1).
1498 479 1519 535 'sg-

306 549 419 592 Haec
452 563 526 604 pro
555 561 667 602 parte
696 562 717 589 a
743 547 884 589 Linn
901 550 987 589 aei
1013 547 1314 589 clasfificatione
1356 545 1418 585 su·

303 632 366 659 am
397 620 508 661 ducit
537 620 760 673 originemt,
791 618 840 658 ab
868 617 991 658 alterci
1017 629 1149 658 tamen
1176 627 1287 669 parte
1325 628 1416 656 cum

302 688 557 743 Jussievi
589 687 783 729 methodo
810 688 1013 738 convenit.
1073 685 1267 726 Plurimas
1295 687 1415 725 etiam
1462 703 1467 707 -

302 770 427 797 novas
468 757 648 809 species,
694 766 794 795 teste
836 754 868 795 F
891 753 1194 796 ontenillo
1233 752 1341 809 (α),
1395 767 1417 794 a

303 825 574 879 superioribus
603 824 838 880 neglectas,
869 835 1086 866 enumerat.
1261 815 1263 818 ⁴

787 963 811 1016 §
841 962 935 1005 XV.

1487 1381 1497 1403 *³
1488 1327 1507 1370 ‘'a-“2
1488 1151 1511 1319 &usta->⁴224-

321 1137 325 1142 .
358 1104 455 1146 Non
499 1104 626 1159 longo
669 1114 850 1155 tempore
892 1114 986 1155 post
1025 1103 1271 1157 Linnaei
1311 1102 1416 1156 frag—

303 1186 528 1216 mentorum
555 1173 736 1214 methodi
763 1172 950 1213 naturalis
973 1164 1215 1222 editionem,
1246 1172 1416 1212 Adria-

303 1256 367 1286 nu
384 1257 401 1284 s
430 1243 548 1295 Roy
565 1254 698 1284 enus
715 1271 728 1292 ,
771 1240 974 1282 Leidenfis
1001 1241 1239 1290 Professor,
1284 1240 1416 1283 clasfi-

303 1313 535 1354 ficationem
586 1313 627 1351 in
671 1309 881 1364 publicum
936 1310 1132 1368 protulit?
1160 1308 1269 1364 (3),
1323 1309 1416 1351 Me·

301 1380 419 1423 tlzodi
487 1380 705 1422 naturalis
777 1379 1083 1432 praeludium,
1153 1381 1415 1434 inscriptam,

302 1463 404 1504 quae
460 1450 710 1494 clasfificatio
765 1444 974 1503 sequentes
1013 1463 1065 1490 20
1099 1449 1244 1491 classes
1285 1449 1416 1491 conti·

301 1532 384 1562 net.

530 1588 562 1630 Ι.
621 1588 748 1630 Mon
766 1588 1210 1641 ocotyledones.

724 1667 754 1691 1.
778 1656 920 1691 Palmae..

719 1722 752 1747 ς’..
776 1711 868 1746 Lilia.

720 1778 750 1810 3.
778 1768 938 1803 Gramina.
1004 1782 1009 1786 ·

538 1827 590 1868 11.
648 1826 1216 1878 Polycotyledones.

718 1906 751 1938 4.ι
774 1896 1005 1931 Amentaceac.

696 1954 701 1959 '
719 1961 752 1995 5.
776 1951 1026 1986 Umbelliferae.

1258 2009 1290 2043 6.
1313 2009 1413 2043 Com-
1436 2056 1443 2060 υ
1466 2023 1473 2055 ¹*

345 2096 408 2142 (1)
431 2098 524 2131 Flora
551 2098 878 2132 Gallo-Provincialis
892 2122 902 2137 ‚
937 2096 1024 2130 Paris
1055 2097 1148 2140 1761.

292 2181 295 2184 .
347 2152 409 2196 (2)
434 2155 527 2188 Conf.
557 2154 834 2188 Fontenill.
862 2154 884 2186 l.
912 2154 933 2187 l.
960 2162 1031 2195 pag.
1060 2162 1114 2194 55.

347 2209 411 2255 (3)
434 2210 541 2245 Florae
565 2209 709 2257 Leidensts
728 2211 916 2246 Prodromus
929 2234 939 2250 ,
963 2207 1086 2244 Leidac
1109 2217 1198 2253 1740
