1519 2729
538 151 791 212 (17¹)

114 298 191 338 ori.
221 317 268 327 —
298 295 404 336 Cum
432 307 530 337 vero
557 294 625 343 id,
657 293 770 347 quod
796 292 908 335 suum
937 303 1026 342 θεῖ,
1071 292 1120 333 ad
1146 294 1241 346 ipfi-

114 379 162 407 us
187 364 463 418 perfectiones
489 366 708 418 pertineat,
741 377 838 417 quas
860 375 1101 416 promovere
1130 374 1241 402 tene·

119 448 210 485 tur,
239 436 303 490 jus
331 435 474 475 habeat
500 436 619 475 etiam
655 433 818 475 necesse
854 445 943 483 est,
994 446 1080 487 quo
1114 445 1240 485 expo-

115 506 225 555 scat,
256 494 301 546 ut
330 505 457 545 libere
497 504 535 544 se
575 504 770 558 perficiat.
833 501 954 544 Hunc
985 506 1024 544 in
1047 503 1168 544 finem
1193 514 1240 542 ea

112 577 187 629 ipfi
240 575 370 616 media
413 575 501 615 sunt
545 574 831 623 concedenda,
877 585 979 627 quae
1021 572 1245 614 necessaria

114 646 233 695 sunt,
263 657 308 686 ut
343 645 463 686 finem
493 646 564 688 fibi
592 645 843 698 propofitum
861 673 874 692 ‚
915 644 1110 698 attingat,
1142 653 1243 696 ergo

113 718 264 765 etiam,
309 728 354 756 ut
383 715 484 755 alios
514 727 636 769 cogat
663 714 712 754 ad
736 713 804 761 id,
851 714 962 767 quod
1003 713 1112 754 suum
1155 723 1243 760 est,

115 787 188 840 ipfi
217 785 492 828 tribuendum.v
562 783 657 825 Hoc
688 785 871 832 tantum,
900 783 966 822 ‘ita
990 783 1123 836 pergit
1151 794 1248 822 auc·

116 866 210 904 tor,
242 855 321 894 hoc
352 865 505 894 tantum
535 853 789 906 intelligatur
814 853 862 893 de
892 866 972 901 eo,
1005 852 1117 906 quod
1134 851 1247 891 suum

115 936 176 965 est
199 923 410 978 strictiori
428 919 576 975 sensu.
640 921 753 976 Quid
774 936 871 963 vero
901 923 1004 964 illud
1031 924 1075 964 fit
1102 923 1246 970 suum,

115 994 304 1035 strictiori
330 992 441 1034 sensu
473 991 642 1032 sumtum
660 1021 673 1040 ‚
705 1004 780 1032 nos
808 993 930 1033 docet
957 993 998 1032 in
1024 991 1101 1046 Op.
1126 990 1246 1032 laud.

117 1063 186 1118 (p.
239 1065 291 1118 83-
339 1060 478 1116 seqq.)
523 1061 828 1110 videlicet<id‚
872 1057 984 1115 qnod
1015 1063 1247 1106 continetur

115 1135 236 1175 rebus
253 1135 301 1173 iis
318 1163 330 1182 ,
357 1134 434 1175 five
452 1133 572 1173 bonis
587 1162 600 1182 ,
633 1144 734 1185 quae
764 1131 813 1172 ad
829 1131 867 1172 se
884 1132 1084 1184 pertinere
1100 1160 1113 1180 ‚
1145 1142 1247 1184 ergo

114 1204 167 1245 ad
193 1205 236 1243 τὸ
267 1202 377 1244 suum
395 1203 478 1243 esse
494 1202 700 1243 referenda
717 1233 730 1250 .,
763 1203 803 1241 in
828 1213 1018 1248 externo,
1044 1200 1156 1253 quod
1185 1200 1259 1240 di-.

116 1275 223 1315 citur
250 1273 374 1322 foro,
408 1272 474 1311 seu
501 1272 660 1325 judicio
688 1272 814 1313 homo
841 1271 1014 1324 probare
1029 1282 1180 1323 potest.
1199 1296 1246 1308 ..-

116 1342 225 1384 Cum
252 1354 350 1382 vero
393 1340 524 1391 illud,
569 1342 681 1394 quod
716 1341 929 1382 cohaereat
973 1352 1066 1381 cum
1109 1340 1242 1380 homi-

115 1414 178 1453 nis
233 1412 518 1465 perfectione,
562 1424 680 1464 quam
723 1411 931 1465 negligere
970 1409 1087 1450 nullo
1118 1409 1246 1450 modo

116 1483 267 1537 posin,
307 1481 356 1522 ad
394 1483 436 1521 τὸ
481 1480 591 1522 suum
636 1480 808 1531 referat,
852 1491 962 1534 patet
990 1492 1081 1520 eum
1109 1479 1242 1521 officia

117 1551 358 1606 imperfecta
392 1549 758 1606 (benevolentiae)
793 1551 912 1605 plane
951 1549 1166 1592 sustulisse.
1199 1574 1246 1582 —

120 1621 505 1675 Simulatqueenim
535 1621 584 1662 de
614 1634 694 1670 eo,
726 1621 839 1675 quod
867 1634 958 1662 cum
991 1621 1245 1674 perfectione

118 1702 255 1731 nostra
295 1681 485 1732 cohaeret
527 1690 596 1744 (id
635 1704 686 1731 ex
714 1695 778 1730 τοῦ
798 1687 924 1745 suum
955 1691 1066 1743 quod
1089 1689 1136 1730 ad
1170 1700 1246 1729 nos

119 1763 322 1815 pertinere
361 1762 526 1814 probari
568 1770 707 1814 potest
753 1761 794 1799 in
833 1770 1001 1799 externo
1041 1759 1136 1800 foro
1177 1757 1243 1799 vel

121 1827 305 1884 judicio)
335 1830 406 1882 vel*
429 1832 633 1871 minimam
661 1841 814 1882 partem
840 1830 879 1869 in
905 1828 1068 1869 alterius
1095 1828 1246 1870 utilita-

124 1911 205 1939 tem
233 1899 521 1950 detrahamus‚·
548 1900 726 1954 sequitur
755 1911 829 1939 nos
858 1911 1058 1952 peccare,
1105 1910 1247 1940 contra

121 1968 396 2024 gravissimum
425 1969 600 2010 officium
630 1982 724 2024 erga
751 1980 911 2009 nosmet
939 1968 1062 2021 ipso&
1132 1967 1245 2010 Haec

111 2049 253 2079 tamen
288 2037 417 2080 officia
458 2039 729 2092 maximopere
757 2039 839 2092 ipse
868 2038 904 2080 E
921 2039 946 2078 b
964 2050 985 2078 e
1000 2038 1060 2080 rh
1076 2039 1170 2080 ard
1186 2053 1211 2080 u
1227 2052 1245 2079 s

120 2108 406 2157 commendat,
447 2108 598 2162 fibique
622 2109 681 2155 ‚ita
708 2108 867 2151 videtur
894 2110 1118 2151 contrarius
1146 2109 1171 2164 <
1180 2107 1243 2163 1).

1202 2180 1245 2220 Si

167 2242 232 2291 (1)
259 2244 358 2281 Conf.
374 2245 399 2280 F
414 2246 424 2278 1
439 2254 456 2278 a
473 2253 484 2279 t
500 2253 523 2281 t.
550 2245 742 2282 Vemm‘schte
756 2247 777 2283 l
781 2246 931 2290 2273li1che,
958 2250 985 2284 Ι.
1006 2250 1071 2292 Ep.
1087 2260 1118 2284 2·
1132 2259 1166 2292 p.
1190 2259 1243 2292 91.
