1519 2729
582 189 805 246 (95)

141 346 151 368 τ
193 328 339 370 Eidem
367 339 497 369 autem
524 327 635 369 clasfi
663 327 976 370 adnumerandae
1002 328 1254 371 esse-viden-

135 410 200 439 tur
225 399 506 439 botanicorum
548 398 756 447 methodi,
788 412 890 451 quae
916 399 1077 452 quidem
1090 429 1105 444 ,,
1149 413 1254 451 quo-

135 467 490 515 adcharacteres,
535 480 639 521 quos
664 470 704 509 in
732 481 865 509 earum
909 469 1020 510 usum
1058 468 1253 509 adhibue-

135 548 257 586 runt,
301 538 351 579 ad
395 539 550 577 tertiam
594 536 756 578 classem
775 567 790 587 ‚
827 537 922 585 sed,
949 539 1101 595 ¹quoad
1128 540 1252 591 ipsam

135 606 390 659 systematum
406 607 711 659 dispositionem
727 637 741 656 ,
765 607 870 648 haud
885 608 1004 649 dubie
1016 609 1065 648 ad
1081 609 1251 661 primam

135 676 299 717 classem
336 675 566 716 referendae
597 675 697 717 sunt.
764 675 919 718 Eorum
947 677 1108 731 plurimi
1144 678 1251 718 sciii·

135 758 201 787 cet
215 746 537 787 fructificationis
551 757 686 800 partes
708 757 906 798 tamquam
934 746 1251 797 elasfificationis

135 815 242 856 bafin
270 814 566 863 adsumserunt,
599 815 703 854 inter
729 828 832 867 quos
861 817 980 868 primi
1019 818 1252 860 recensendi

134 884 283 925 suntC
298 897 319 924 a
334 896 355 923 e
373 884 422 924 sa
438 883 451 924 I
468 897 494 935 p
513 885 566 923 in
583 897 608 924 u
626 897 643 924 s
656 914 669 932 ‚
699 884 902 933 Italicus,
933 887 1001 938 qui
1031 888 1250 929 radiculam

130 965 174 993 et
200 953 358 1010 seminis
388 952 654 1003 cotyledones
695 954 745 995 ad
786 955 1020 997 methodum
1058 958 1249 998 constitu·

131 1022 273 1062 endam
300 1021 505 1069 adhibuit,
537 1032 576 1060 et
614 1021 828 1074 Rayus,
860 1024 1041 1078 Anglus.
1103 1026 1249 1067 Postea

131 1090 1248 1143 ChristophorusKnautiusetHerman-

131 1173 156 1200 n
173 1174 229 1201 us
269 1174 345 1214 pro
372 1172 484 1213 parte
514 1159 603 1200 aliis
632 1162 929 1204 characteribus
946 1195 960 1212 ‚
1003 1164 1245 1218 uti'petalo-

131 1242 218 1271 rum
240 1243 429 1279 numero,
461 1230 692 1272 staminibus
722 1232 891 1286 aliisque
918 1234 1140 1286 plantarum
1159 1250 1248 1289 par-

132 1301 240 1341 tibus
258 1330 270 1349 ,
298 1301 348 1341 ad
375 1301 585 1341 condenda
614 1301 891 1352 systemataufi
910 1304 1023 1353 sunt,
1055 1318 1156 1358 quae
1173 1306 1246 1346 hae

115 1383 181 1411 ex
207 1372 363 1410 ratione
390 1383 481 1411 cum
510 1370 785 1414 artificialibus
823 1375 948 1428 magis
986 1377 1246 1415 conveniunt.

131 1439 377 1482 DeindeCl.
409 1439 760 1499 van'Royem
796 1442 1189 1485 wachendorf
1207 1459 1248 1486 ct

132 1509 464 1550 Bvoerhaave
505 1511 544 1549 in
574 1508 842 1561 Hellandia,
891 1510 1165 1554 Hallerus
1206 1517 1247 1555 in

132 1578 334 1620 Helvetia
381 1590 420 1619 et
463 1578 771 1622 Heisterus
814 1584 853 1622 in
888 1582 1127 1626 Germania
1156 1596 1249 1626 ean-

133 1649 222 1689 dem
249 1650 352 1689 viam
381 1650 545 1703 ingressi
577 1650 693 1699 sunt,
726 1664 910 1703 quorum
940 1652 1104 1693 ultimus
1145 1655 1249 1694 inter

132 1728 345 1765 auctores,
376 1719 415 1758 in
445 1718 518 1759 hae
548 1721 799 1775 paragrapho
827 1723 1071 1772 recenfitos‚
1100 1743 1103 1758 ι
1122 1722 1247 1775 pluri—

133 1796 241 1825 mum
270 1787 418 1826 eminet
444 1788 760 1842 methodumque
803 1790 1002 1842 protulit,
1040 1791 1063 1845 J
1079 1792 1248 1846 tissie-

123 1866 158 1895 ‘v
173 1865 194 1894 e
210 1867 265 1895 ae
294 1856 464 1897 maxime
495 1861 900 1913 appropinquantem.
1211 1850 1215 1855 ’

571 1997 596 2050 §
627 1996 800 2038 Lxxu.

135 2170 139 2172 ,
185 2131 546 2176 Clasfiflcationum
567 2135 811 2177 'naturalium
841 2136 1010 2180 alterum
1042 2153 1169 2195 genus
1204 2142 1245 2184 se

129 2199 190 2252 se,
217 2202 266 2244 ad
285 2215 426 2245 ¹veram
456 2205 690 2248 methodum
723 2205 997 2261 condendam,
1018 2213 1145 2267 magis
1162 2224 1244 2253 me·

1195 2280 1245 2322 li·
