1519 2729
574 185 799 244 (61)

117 329 347 372 voluntario
387 322 570 377 obtinet)
605 327 689 366 vim
728 328 835 366 suam
876 334 1020 379 petunt
1059 335 1249 375 exprae-

117 412 242 453 cepto
278 398 343 439 vel
382 398 503 452 lege,
547 406 657 436 extra
685 397 881 435 rationem
912 393 1051 446 pofitis
1080 390 1176 444 (Ι).
1206 411 1253 424 -

117 470 215 512 Rite
232 481 330 524 ergo
353 468 428 509 Gr
445 480 469 507 o
486 468 569 507 tiu
587 478 604 506 s
637 463 717 518 (2)
742 464 813 518 Jus
839 461 940 503 illud
967 459 1134 511 definit;
1167 461 1252 502 dic-

118 552 249 581 tamen
266 549 398 579 rectae
427 536 614 585 rationis,
648 534 854 582 indicans,
883 533 992 573 actui
1021 530 1170 583 alicui,
1201 544 1254 572 ex

110 609 204 663 'ers
229 607 511 649 convenientia
536 616 606 646 aut
650 603 995 645 disconvenientia
1036 614 1128 642 cum
1170 601 1255 654 ipsa

118 690 257 720 natura
289 676 474 718 rationali
508 688 555 716 ac
588 673 757 722 sociali,
788 673 914 713 inesse
946 671 1140 712 moralem
1172 683 1255 712 tut-

123 748 347 802 pitudinem
395 757 463 787 aut
516 744 790 785 necesfitatem
838 741 1045 783 moralem.
1091 760 1123 767 —-
1171 741 1254 782 Sed

118 818 286 858 rationis
340 816 438 857 haec
482 816 699 856 dictamina
738 826 821 854 non
865 813 953 854 sunt
993 811 1256 866 intelligenda

118 885 285 928 consilia
330 896 398 925 aut
437 884 684 938 praescripta
737 895 920 933 tantum,
951 883 1122 924 honesta
1161 882 1254 935 qui-

117 955 236 1004 dem,
282 953 456 994 sednon
501 953 749 1008 obliganda,
793 966 894 1006 quae
934 953 1040 1006 Juris
1088 952 1255 992 nomine

116 1038 201 1068 non
227 1025 421 1071 veniunt,
452 1036 590 1064 verum
621 1025 720 1064 haec
748 1021 986 1077 significatio
1013 1022 1119 1076 Juris
1145 1019 1254 1060 idem

116 1096 225 1138 valet
262 1093 375 1148 quod
415 1092 512 1143 lex,
556 1095 718 1147 quoties
761 1106 844 1134 vox
883 1091 985 1147 legis
1026 1091 1254 1147 largisfime

118 1166 312 1214 sumitur,
344 1175 388 1205 ut
415 1165 461 1205 fit
498 1163 636 1218 regula
665 1174 829 1204 actuum
864 1160 1108 1212 moralium,
1143 1159 1253 1201 obli-

117 1246 216 1288 gans
257 1233 307 1273 ad
345 1233 386 1274 id
427 1233 539 1286 quod
581 1244 736 1274 rectum
773 1243 859 1281 θεῖς
905 1244 987 1272 non
1015 1231 1255 1285 fimpliciter

118 1302 168 1343 ad
204 1302 387 1356 justum,
433 1303 526 1355 quia
562 1302 633 1356 Jus
689 1303 765 1343 hac
805 1301 1004 1352 notione,
1063 1313 1146 1341 non
1203 1300 1255 1342 ad

119 1371 243 1413 solius
283 1372 463 1426 justitiae
507 1371 641 1413 stricte
674 1374 727 1414 fic
767 1372 929 1421 dictae,
973 1370 1040 1411 sed
1082 1382 1122 1410 et
1157 1370 1253 1411 alia-

105 1433 194 1484 ruin
234 1444 428 1483 virtutum
478 1444 685 1483 materiam
736 1442 911 1496 pertinet
952 1440 1061 1494 (3),
1111 1453 1152 1481 et
1195 1442 1251 1481 ita

109 1512 273 1566 quidem
307 1512 562 1554 devolvimur
601 1513 650 1554 ad
693 1512 906 1554 secundam
944 1511 1246 1561 differentiam,

113 1595 214 1636 quae
239 1595 299 1624 est
329 1584 369 1623 in
394 1583 563 1639 objecto
594 1581 692 1639 (4).

164 1923 228 1970 (4)
252 1925 356 1958 Varii?¹
384 1926 567 1959 nominibus
594 1927 653 1972 Jiis
682 1926 782 1958 laxius
807 1923 971 1957 occurrit:
994 1920 1154 1965 Asats‘tudo
1168 1921 1207 1955 L.
1223 1923 1248 1956 1.

118 1990 149 2016 c.
173 1991 200 2015 1.
225 1982 243 2025 ᾗ
264 1991 296 2022 4.
341 1981 463 2021 Pudor,
488 1981 528 2014 L.
552 1983 613 2015 ΙΙΙ.
643 1991 674 2014 e.
706 1992 755 2015 10.
780 1981 885 2014 initit).
932 1980 1052 2021 [x'tg'aslzz
1076 1981 1249 2015 carminis,

118 2038 157 2071 L.
186 2038 230 2073 II.
255 2047 284 2071 c.
311 2047 362 2070 12.
387 2038 404 2082 §
428 2048 462 2080 9.
485 2038 530 2073 N.
571 2037 704 2080 ,Izgslstia
726 2040 854 2071 inlex-sm
871 2061 881 2075 ⁷
909 2036 945 2069 L.
972 2036 1031 2070 HI.
1056 2046 1091 2071 ε..
1112 2045 1165 2070 10.
1186 2037 1249 2080 §3.

115 2093 176 2131 Jtts
192 2097 453 2139 7111‘71152p1‘c5121·1'e,
478 2094 516 2129 L.
543 2096 587 2130 11.
611 2106 642 2130 c.
670 2104 721 2139 ¹7·
746 2096 763 2139 5
791 2105 821 2128 2.
846 2093 890 2128 N.
916 2105 946 2128 ε.

1120 2269 1145 2324 5
1178 2267 1249 2311 111.
