1519 2729
599 184 796 245 (7)

132 324 173 366 in
201 324 293 365 aere
322 322 504 366 sustiueri
532 327 573 367 in
600 326 699 368 statu
730 325 1036 378 dissolutionis,
1076 331 1119 369 et
1158 328 1263 374 hane

130 393 439 436 dissolutionem
467 397 605 445 eadem
631 391 845 439 ostendere
872 387 1183 453 phalemmena,
1213 413 1262 442 ac

129 463 268 506 salium
314 465 599 508 dissolutiones
640 470 682 510 in
725 479 858 524 aqua,
914 455 1084 510 eundem
1138 469 1265 524 igitur

127 535 355 589 supponere
398 539 730 582 mechanismum.
799 537 912 581 Haec
953 550 998 580 ut
1037 539 1265 592 probentur

127 605 333 660 sequentia
359 608 399 648 in
430 607 504 650 hac
534 609 894 653 Commentatione
923 608 1082 652 statuit:
1267 605 1269 608 ’

130 693 136 696 ·
189 688 225 717 1.
275 680 397 732 Aqua
449 691 583 721 veram
616 681 657 722 in
699 682 790 724 ae're
836 682 991 736 patitur
1027 678 1262 723 dissolutio-

124 756 232 788 nem.

127 833 133 836 >
182 817 242 858 Ut
269 817 370 861 haec
405 821 555 873 politio
597 822 796 876 probetur
836 823 1160 877 experimentum
1202 820 1262 862 se·

123 901 252 940 quens
282 890 380 931 citat
408 889 483 932 Vir
510 891 609 934 CL:
655 893 844 936 Sumatur
887 903 1073 947 tempore
1102 892 1264 933 aestivo

121 959 270 1000 vitrum
310 961 489 1010 ficcum,
525 962 658 1017 glacie
684 962 916 1017 repletum,
962 974 1003 1002 et
1029 961 1260 1003 videbimus

122 1027 298 1084 bullulas
332 1032 500 1084 aquosas
529 1034 625 1074 vitri
654 1035 828 1087 parietes
859 1033 1125 1087 obtegentes3
1157 1031 1260 1073 haec

120 1104 223 1150 'aqua
252 1100 376 1155 igitur
399 1113 489 1143 ante
518 1100 842 1157 experimentum
872 1106 913 1145 in
943 1104 1063 1152 aere,
1102 1102 1171 1156 qui
1200 1102 1261 1141 vi·

118 1178 227 1210 trum
258 1173 510 1224 circumdat,
555 1175 715 1225 adfuit,
757 1176 813 1215 ita
857 1185 1020 1222 tamen,
1063 1184 1107 1214 ut
1149 1173 1259 1212 hunc

120 1251 204 1280 non
235 1242 365 1283 minus
391 1244 644 1298 pellucidum
674 1245 874 1286 redderet.
948 1243 1094 1285 Adfuit
1134 1244 1260 1298 igitut

117 1309 223 1373 aqua
252 1314 293 1353 in
319 1315 412 1355 ae're
442 1315 668 1366 dissoluta,
699 1328 750 1358 ex
780 1314 864 1369 ipset
890 1314 1143 1356 definitione.

179 1395 218 1423 2.
262 1381 377 1424 Haec
416 1384 632 1427 dissolutio
683 1386 823 1427 eadem
869 1385 1045 1426 ostendit
1074 1384 1257 1439 phaeno-

118 1464 235 1494 mena
261 1466 308 1494 ac
335 1453 475 1496 salium
500 1455 541 1495 in
569 1457 673 1509 aqua
698 1455 928 1497 dissolutio,

178 1525 263 1566 Aet·
287 1525 337 1567 ad
364 1526 531 1581 gradum
559 1526 867 1569 determinatum
886 1525 1137 1575 calefactus,
1169 1535 1258 1565 cer-

116 1606 201 1636 tam
233 1597 513 1637 tantummodo
539 1610 666 1652 aquae
709 1599 975 1651 quantitatem
1020 1594 1257 1637 dissolutam

119 1666 328 1707 con-tinere
358 1679 509 1721 potest.

177 1735 290 1786 Aer,
336 1737 440 1780 hanc
485 1740 751 1792 quantitatem
793 1740 1038 1786 continens,
1085 1737 1111 1778 fi
1140 1735 1257 1778 refri-

120 1815 286 1860 gescat,
329 1821 421 1861 pars
461 1822 586 1863 aquae
611 1808 830 1850 dissolutae
859 1810 1179 1862 praecipitatum
1225 1805 1254 1847 fi

120 1875 277 1917 calefiat
293 1889 463 1929 contra,
493 1880 688 1934 majorem
717 1878 936 1920 dissolvere
965 1890 1103 1932 potest
1129 1887 1256 1931 quan-

118 1958 290 1988 t1tatem.

176 2015 293 2058 Hanc
336 2018 580 2070 positionem
622 2020 771 2074 probat
811 2020 864 2061 le
901 2019 1025 2072 R-oy
1069 2018 1252 2073 sequenti

112 2089 425 2141 experimento:
458 2088 609 2143 globus
636 2091 786 2132 vitreus
816 2091 961 2140 albus,
999 2091 1091 2131 aere
1117 2087 1251 2142 reple-

118 2169 210 2208 tus,
243 2170 361 2212 quam
383 2160 632 2201 exactissime
663 2159 899 2212 claudatur3
943 2152 1067 2201 nulla‘
1089 2161 1129 2200 in
1158 2158 1254 2214 glo·

119 2228 176 2271 bo
225 2229 436 2285 apparebit
473 2232 599 2284 aquae
655 2231 825 2287 guttula.
912 2229 1008 2272 Pars
1044 2229 1161 2286 globi
1208 2229 1250 2271 in
1285 2282 1293 2287 Q

1105 2309 1251 2354 aquam
