1519 2729
626 154 690 220 ί(
752 180 829 219 104
888 165 914 219 )

203 295 206 299 ’
242 303 368 346 versa⁴
389 314 429 344 et
468 302 531 344 vel
559 301 829 357 qualicunque
858 315 907 344 ex
934 314 1044 357 parte
1073 302 1256 356 perfecta
1297 303 1355 344 di-

241 374 396 424 cenda,
437 386 519 414 non
549 384 608 413 est
642 374 813 413 inventa.
887 373 1105 429 Pei-magna
1134 373 1357 426 plantarum

242 444 537 502 incognigarum
568 444 697 496 copia⁴
725 455 765 482 et
807 444 1000 492 varietas,
1047 457 1147 497 quae
1186 445 1226 483 in
1256 445 1357 483 inte-

241 514 348 555 tiore
392 513 647 563 Americae‚·
677 512 840 553 Africae
870 524 910 552 et
940 513 1054 553 Afiae
1098 514 1356 562 continenti,

240 595 282 624 et
321 584 553 640 ubicunque
597 583 637 622 in
680 583 813 635 magni
847 584 988 622 oceani
1018 582 1156 623 insulis
1177 583 1356 632 exstant,

241 665 487 706 quarumque
530 652 788 704 investigatio
846 664 886 692 et
927 651 1130 706 indagatio
1175 654 1359 693 maximis

242 721 543 763 difficultatibus
596 720 863 761 circumdatae
903 720 990 761 sunt
1047 719 1112 761 et'
1139 721 1356 765 diutisfime

243 789 536 834 circumdatae
564 801 704 840 erunt,
762 790 913 832 efficaci
946 802 1222 845 promptoque
1278 791 1360 843 sys-

244 862 402 902 tematis
443 859 630 901 naturalis
671 860 903 914 progressui
935 861 1013 902 sese
1042 873 1284 915 opponunt,
1317 874 1360 903 et

243 934 316 986 ipfi
347 943 462 973 erunt
490 944 563 984 per
601 937 755 980 annO'S‚
800 930 826 971 fi
845 943 938 972 'non
974 944 1048 985 per
1078 931 1264 983 seculas
1285 933 1360 973 ob·-

242 1001 395 1044 staculo
424 1014 527 1056 pene
556 1001 772 1042 immobili.

253 1099 256 1102 -
302 1071 418 1126 Quae
446 1072 528 1113 dixi
556 1072 604 1113 de
635 1071 804 1112 maximzi
833 1069 1054 1122 plantarum
1071 1103 1084 1121 ‚
1124 1071 1204 1112 huc
1233 1084 1360 1124 usque

243 1142 364 1183 nobis
392 1143 560 1182 omnino
590 1141 913 1195 incognitarum,
945 1140 1229 1189 multitudine,
1261 1153 1360 1182 con-

244 1212 402 1252 firmant
441 1212 469 1251 ii
508 1211 766 1265 praesertim,
808 1212 877 1264 qui
916 1212 1102 1265 regiones
1147 1210 1360 1251 calidiores

244 1283 322 1323 five·
354 1282 530 1334 tropicas
555 1280 801 1328 inviserant,
834 1290 1021 1321 testantes
1048 1293 1130 1321 uno
1161 1293 1259 1332 ore,
1291 1280 1360 1321 n'a-

244 1362 371 1391 turam
407 1352 526 1392 hasce
568 1363 693 1391 terrae
734 1362 865 1403 partes
893 1363 1010 1392 manu
1037 1363 1229 1403 perquam
1258 1350 1361 1391 libe-

245 1415 318 1461 1²ali
341 1432 381 1461 et
410 1421 492 1462 fere
515 1421 678 1474 profusa
703 1420 998 1474 vegetabilibus
1026 1420 1246 1461 donavisse.

473 1558 695 1603 Methodus
730 1561 949 1603 naturalis
969 1561 1161 1615 primum
1191 1567 1233 1598 et
1262 1560 1362 1601 ulti-

532 1643 643 1673 mum
667 1631 713 1673 in
740 1629 958 1672 Bomm‘ct's
985 1626 1264 1683 desideratum
1286 1640 1360 1671 est.

996 1756 1304 1800 Linnaeus
