1519 2729
672 134 934 193 (138)

237 276 283 321 τὲ
300 309 314 329 ,
349 290 394 321 ut
419 277 549 320 nostra
575 273 748 319 felicitas
769 277 1037 332 provehatur,
1067 288 1160 319 cum
1186 276 1370 322 commu‘-

238 351 280 391 ni
311 351 492 390 omnium
519 349 680 389 damno.
985 352 991 363 ¹

296 418 444 472 Neque
470 419 592 459 etiam
623 416 858 459 facultatum
891 418 1149 460 humanarum
1184 418 1371 461 condi-tio

234 490 353 537 ⁴linit,
384 501 429 530 ut
467 488 649 529 ordinem
679 488 774 529 huic
803 489 953 530 mundo
983 489 1110 529 inesse
1148 501 1370 544 negemus3

239 559 298 600 de«
316 571 367 599 eo
379 560 487 599 enim
502 570 606 607 non,
636 559 706 599 nisi
738 569 873 599 mutua
901 560 1079 599 omnium
1109 571 1240 599 rer-um
1271 571 1370 599 con-

233 629 396 669 iunctio
438 640 461 667 a
502 628 622 670 nobis
649 628 859 680 perspecta
896 630 968 678 fit,
1012 629 1189 669 iudicare
1230 628 1371 683 possu-

233 709 353 746 πηιες
394 709 492 737 -cum
521 708 619 736 vero
646 708 799 749 partem
827 699 1014 738 novimus
1043 710 1127 738 non
1159 699 1230 738 nifi
1254 698 1372 739 valde

231 777 424 819 exlguam
440 766 556 805 huius
584 766 780 816 uffiverfi,
810 768 952 819 sponte
981 778 1122 820 patet,
1153 779 1229 807 nos
1255 767 1371 809 nullo

236 837 324 877 iure
341 835 390 875 ste
385 847 507 875 tuere
522 836 668 888 posse,
699 837 910 877 ordinem
899 850 938 878 m
967 837 1047 879 hoc
1073 838 1262 879 umverso
1286 837 1372 878 esse

229 906 543 960 perturbatum,
589 907 684 960 quia
726 907 829 947 ordo
856 908 896 947 in
927 907 1001 948 hac
1029 919 1141 959 palte
1166 907 1282 948 nobis
1311 908 1372 947 in-

240 977 396 1017 terdum
427 975 619 1016 confusus
659 976 846 1026 videtum
881 975 905 1030 ζ
914 974 961 1028 1)
991 989 1067 1017 nec
1092 988 1224 1016 tamen
1250 978 1372 1018 nobis

232 1041 344 1100 Opus
370 1057 456 1096 est,
503 1058 624 1087 omne
650 1046 732 1087 *hoc
762 1046 990 1089 universum
1011 1046 1173 1087 novisse
1190 1077 1203 1095 ‚
1235 1057 1280 1087 ut
1311 1048 1371 1087 iu-

239 1117 423 1158 dicemus
437 1116 485 1157 de
501 1117 668 1167 ordine,
705 1119 745 1157 in
773 1117 848 1157 hac
876 1128 1015 1170 parte,
1044 1131 1165 1171 quam
1193 1129 1270 1157 nos
1299 1129 1371 1158 co-

237 1177 492 1243 gnoscimus,
525 1187 644 1240 plane
675 1188 914 1240 conspicuo.
962 1220 967 1225 .

297 1250 408 1298 Cum*
433 1259 557 1311 igitur
584 1258 685 1299 haec
713 1259 795 1298 vita
822 1257 953 1297 nostra
982 1258 1028 1298 sit
1071 1258 1200 1309 prima
1237 1256 1372 1309 per-io-

241 1322 315 1367 dus
344 1329 579 1368 existentiae
608 1327 793 1376 nostram
826 1340 918 1367 cum
949 1328 1025 1367 iam
1055 1328 1096 1367 in
1127 1328 1201 1367 hac
1238 1327 1372 1379 perio-

241 1397 297 1438 do
339 1397 559 1450 specimina
599 1398 806 1439 videamus
845 1396 1158 1438 luculentisfima
1186 1396 1372 1450 benigni-

240 1467 333 1507 tatis
362 1477 403 1506 et
431 1467 645 1520 sapientiae
682 1468 897 1515 ‘aue-toris,
944 1468 1014 1519 qui
1045 1467 1100 1506 ita
1120 1479 1201 1506 nos
1231 1465 1372 1506 instru-

191 1552 195 1556 <
238 1538 328 1586 xit,
358 1547 403 1577 ut
431 1537 479 1577 ad
509 1538 718 1577 veritatem
747 1547 789 1575 et
801 1538 991 1576 virtutem
1008 1537 1089 1576 nati
1106 1536 1254 1585 fimus3
1278 1548 1372 1576 cum

239 1607 330 1660 spes
371 1608 472 1647 {aeta
509 1607 688 1647 melioris
731 1595 981 1646 conditionis
1025 1605 1371 1653 nobis‘arrideat‚

232 1680 442 1732 *nobisque
479 1677 526 1718 fit
565 1677 850 1731 opportunitas
892 1677 1066 1730 augendi
1103 1675 1371 1725 felicitatem,

242 1762 345 1802 quae
374 1760 467 1790 cum
495 1747 644 1787 virtute
672 1757 780 1787 arcte
811 1757 871 1786 est
899 1747 1146 1796 coniuncta3
1178 1759 1270 1786 cum
1299 1747 1371 1799 ipsi

230 1820 428 1860 ”homines
443 1818 547 1858 fuam
576 1815 646 1856 fibi
662 1811 814 1870 fingant
827 1816 1028 1858 fortunam
1053 1815 1254 1856 adversam
1274 1847 1287 1867 ‚
1311 1818 1372 1870 ip-

242 1889 350 1942 fique
367 1887 586 1934 malorum,
611 1899 714 1938 quae
745 1887 815 1928 fibi
845 1894 884 1930 et
905 1887 993 1927 aliis
1016 1886 1248 1927 hominibus
1273 1899 1371 1927 con-

243 1961 426 2014 tingunt,
456 1959 759 2009 fintauctore53
791 1971 883 1998 cum
912 1957 1084 2012 denique
1112 1959 1276 2013 ingenio
1295 1957 1372 1997 ⁴hu-

1292 2039 1372 2067 ma-

285 2119 473 2165 (1)Conf.
515 2121 900 2164 Hemsterhuis,
935 2123 1015 2156 dans
1038 2119 1205 2193 'l'llsslfftste‘e
1239 2121 1374 2155 Ocuvres

238 2175 325 2215 Pm’l.
348 2179 446 2214 Tom.
469 2181 512 2214 11.
535 2190 568 2222 p.
595 2189 607 2213 1
636 2178 730 2222 seqq.
