1519 2729
595 149 817 231 (65)

216 295 388 342 Animus
427 306 614 348 nimirum
642 313 1034 364 repraesentatione&
1053 320 1151 364 illas
1175 337 1274 368 con-

102 387 109 391 .
156 365 287 417 fusas,
327 385 424 424 quas
470 388 492 416 a
529 376 796 425 sensibilitatis
840 388 1089 441 impulsione¹
1110 396 1173 436 vel
1215 398 1273 438 faa

156 437 305 479 cultate
334 454 470 485 nostra
496 444 691 499 superiori
706 453 926 505 derivavit,
958 458 1013 502 ita
1027 466 1192 518 arripit,
1225 480 1271 508 ut

155 511 446 562 cogitationem
477 528 498 555 a
528 521 698 561 caeteris
727 527 916 568 omnibus
939 541 1113 583 avocet,
1159 548 1199 576 et
1229 539 1271 578 in

140 575 233 619 thoe
289 593 410 623 unum
453 586 615 637 tendat,
674 602 719 632 ut
761 601 1034 650 comparando
1091 606 1274 659 aequalia

151 648 398 704 conjungat,
443 655 645 700 disfimilia
683 661 863 716 separet,
910 681 950 710 et
977 673 1032 713 ita
1060 685 1176 716 notas
1206 690 1270 719 re=

150 727 236 756 rum
277 719 649 778 characteristicas‚
682 744 907 787 conceptus
937 753 1042 792 quos
1071 745 1269 800 adaequa-

149 795 214 824 tos
244 800 389 830 vocare
416 805 549 835 amant
568 825 580 844 ‚
615 810 655 838 et
686 804 874 845 notiones
915 811 1155 855 universales
1198 831 1266 862 ac·

146 857 291 907 quirat.
330 857 408 912 (1)
482 863 542 904 Ita
573 865 726 919 separat
751 884 791 913 et
820 878 1034 934 coniungit
1060 896 1142 925 non
1173 900 1262 928 mo-

144 924 198 965 do
228 929 611 979 repraesentationes
641 950 773 981 rerum
796 942 1157 1003 adspectabilium‚
1190 958 1260 998 sed

141 1004 183 1032 et
220 995 382 1048 insuper
422 1013 486 1041 eas
529 1004 711 1061 segregat
752 1023 774 1051 a
821 1018 1256 1068 repraesentationibus

140 1061 342 1118 facultatis
382 1068 490 1112 illius
531 1074 776 1129 superioris,
820 1096 938 1136 quam
967 1092 1164 1137 rationem
1196 1097 1256 1137 di·

138 1133 295 1184 cimUS,
328 1150 412 1189 quo
439 1140 578 1193 facto,
611 1160 804 1199 quaenam
832 1155 905 1195 fint
939 1152 1051 1214 leges
1085 1175 1126 1204 et
1168 1166 1253 1208 for-

136 1213 222 1242 mae
239 1205 417 1249 intuendi
432 1240 444 1258 ‚
477 1202 682 1268 cogitandi
697 1249 709 1267 ,
741 1222 971 1278 iudicandi,
990 1226 1251 1278 'concluden-

134 1271 202 1319 di,
234 1276 332 1316 mira
363 1278 575 1333 sagacitate
601 1287 736 1330 efficit.
770 1285 865 1345 (ὲ).

189 1341 378 1395 Deinde,
413 1337 688 1406 eomparando
726 1364 916 1424 notiones
948 1380 1040 1411 cum
1065 1376 1246 1418 notioni-⁴·

130 1410 233 1461 bus,
264 1415 327 1456 vel
358 1420 547 1462 notiones
572 1438 668 1467 cum
695 1429 1014 1488 intuitiouibus,
1053 1442 1246 1500 indagan-

72 1469 78 1472 ’
128 1480 264 1535 doque
304 1499 480 1531 mutuam
526 1504 660 1536 earum
700 1503 1059 1559 coniunctionem,
1105 1517 1246 1560 eadem

126 1550 323 1604 facultas,
368 1559 417 1599 de
445 1566 876 1616 repraesentationibus
905 1588 945 1617 et
973 1583 1240 1637 notionibus,

126 1634 223 1674 quas
251 1630 442 1680 accepit,
472 1635 538 1674 vel
576 1639 695 1680 etiam
723 1642 771 1681 de
800 1645 1120 1693 adiumentorum
1164 1655 1241 1697 bo-

123 1691 247 1732 nitate
275 1696 323 1735 ad
349 1697 468 1741 finem
495 1704 671 1759 aliquem
715 1712 1009 1766 adsequendum
1027 1749 1039 1767 ‚
1072 1723 1236 1767 iudicat.

178 1757 370 1816 Denique
401 1777 677 1826 comparando
706 1780 746 1820 in
772 1783 932 1825 iudiciis
958 1790 1163 1842 versatur,
1194 1808 1236 1837 et

121 1839 199 1879 ope
219 1834 358 1874 tertiae
389 1841 597 1886 cuiusdum
626 1850 834 1902 notionis,
867 1858 1071 1900 veritatem
1100 1866 1234 1906 euius-

119 1909 278 1952 cunque
321 1906 378 1945 rei
421 1910 571 1964 efficitg
619 1918 683 1959 vel
723 1933 770 1962 cx
800 1924 918 1967 rebus
948 1934 1154 1985 perceptis
1180 1936 1229 1977 ad

1165 2016 1227 2045 re÷

151 2069 653 2127 (1)Wyttenbach‚1.
679 2097 712 2124 c.
734 2102 774 2135 pa
797 2095 852 2138 48.
878 2093 1024 2141 Kaut,
1063 2099 1224 2149 Anthrop.

136 2150 144 2158 .
169 2129 220 2162 ⁶8.

112 2126 130 2170 ς
155 2150 217 2228 (ἒ)
242 2187 267 2220 Κ
285 2197 300 2220 a
316 2199 333 2222 1]
351 2199 362 2223 t
379 2216 387 2230 ‚
412 2192 517 2229 lt'ft'tt'fi
547 2199 606 2232 der
625 2203 682 2236 Pr.
709 2205 804 2242 ΙΞΓΝ.
829 2209 853 2244 Γ.
869 2215 926 2254 75.
948 2213 1039 2255 seqq.
