1519 2729
733 173 959 230 (μ’)

340 317 382 359 4.
427 305 650 363 Utramque
701 309 871 364 justitiae
927 312 991 355 vel
1045 311 1146 366 J'uris
1189 310 1400 365 speciem,

254 374 574 432 ‘obligationem
604 380 643 418 in
674 378 713 418 se
743 383 951 424 continere
981 382 1277 425 demonstravit.

339 458 378 500 5.
423 446 501 487 Sed
529 447 771 502 obligationi
811 464 861 493 ex
895 452 985 508 jure
1028 453 1171 495 laxiori
1215 452 1396 493 coactio-

247 525 372 556 ·nem
414 517 622 558 humanam
664 521 853 574 negavit,
915 524 1057 564 tribuit
1110 533 1241 564 autem
1284 521 1395 576 juri,

277 583 411 626 stricte
441 588 493 628 fic
530 587 656 628 dicto.

335 656 375 696 6.
407 655 620 711 Obligatio
649 658 784 708 enim,
812 673 914 714 quae
943 666 993 703 ex
1023 661 1161 702 stricto
1193 661 1282 715 jure
1311 659 1392 700 ori-

278 735 367 776 tur,
423 727 550 783 posita
589 737 649 766 est
693 728 736 767 in
775 730 862 784 jure
905 731 1012 771 illius
1054 732 1220 783 quicum
1262 731 1393 783 agitur

208 846 210 850 λ
275 794 506 849 (obligatio
528 794 785 850 juridica);
824 813 875 841 ex
896 801 983 854 jure
1013 800 1156 842 laxiori
1182 811 1280 840 vero
1307 799 1393 840 cui-

275 877 354 917 que
383 866 535 906 interne
564 879 637 919 per
678 866 801 909 solam
828 872 1026 912 rationem
1054 870 1239 924 impolita
1266 866 1392 923 profi·

271 934 440 977 ciscitur
466 935 666 991 obligatio
683 967 696 986 ‚
729 936 972 993 (officium.)

280 1033 282 1035 -
325 1004 425 1046 Non
441 1006 587 1054 frustra
611 1008 840 1060 exposuisse
871 1010 1067 1051 Grotii
1097 1009 1246 1064 placita
1267 1009 1389 1050 nobis

269 1073 526 1124 videremur,
557 1077 583 1118 fi
607 1078 752 1119 exinde
769 1078 1075 1121 demonstratum
1092 1081 1194 1121 esset
1209 1110 1222 1129 ,
1254 1080 1328 1121 Gr
1344 1092 1389 1120 o-

224 1133 247 1178 s
269 1146 407 1186 tium
438 1145 556 1201 hujus
571 1147 798 1190 officiorum
825 1150 865 1189 in
895 1149 1076 1202 perfecta
1097 1161 1137 1190 et
1150 1149 1391 1203 imperfecta

267 1214 472 1256 divifionis
509 1216 700 1258 exstitisse
735 1230 957 1259 auctorem.
999 1240 1045 1249 —
1087 1217 1187 1260 Non
1217 1218 1384 1272 quidem

264 1282 365 1335 ille,
396 1286 508 1338 quod
532 1286 645 1341 supra
665 1289 746 1342 jam
778 1289 1104 1340 observavimus,
1134 1300 1260 1329 voces
1296 1286 1388 1328 illas
1429 1321 1431 1324 .

263 1352 499 1408 usurpavitt,
545 1360 725 1398 occurrit
761 1369 891 1400 tamen
931 1360 971 1399 in
999 1359 1085 1413 ejus
1110 1358 1260 1399 summa
1286 1358 1387 1412 juris

263 1422 456 1466 divifione
469 1418 623 1479 aliquid
639 1427 751 1480 quod
775 1435 817 1469 re
845 1429 928 1483 ipsa
952 1428 1095 1469 eodem
1111 1427 1195 1468 fere
1209 1427 1325 1468 redit.
1341 1443 1387 1454 -

260 1491 333 1546 Jus
356 1495 461 1535 enim
474 1525 486 1544 ‚
517 1504 716 1550 tamquam
733 1497 902 1550 qualitas
919 1497 1082 1539 moralis
1099 1526 1112 1545 ‚
1142 1493 1202 1537 illi
1217 1507 1278 1537 est
1294 1508 1384 1550 per-

262 1563 447 1612 fectum,
478 1564 544 1606 vel
575 1568 705 1607 minus
725 1567 951 1620 perfectum
971 1565 996 1620 <
1006 1563 1067 1618 1).
1098 1586 1142 1597 -—
1170 1565 1216 1607 In
1248 1566 1384 1608 Gro-

263 1633 339 1674 tii
373 1634 523 1688 justitia
556 1635 779 1689 expletrice
804 1648 845 1678 et
868 1636 1121 1678 attributrice
1151 1636 1254 1677 hanc
1284 1648 1383 1678 con-

260 1704 502 1745 venientiam
543 1704 611 1745 alii
641 1707 837 1748 invenisse
873 1707 946 1748 fibi
982 1707 1168 1747 videntur
1211 1703 1384 1759 (9)»-

256 1770 388 1825 Ipsam
419 1787 517 1816 vero
546 1775 838 1831 obligationem
884 1777 1095 1829 quomodo
1127 1778 1380 1826 nominaret,

256 1842 343 1894 ipse
385 1843 530 1886 dubius
573 1846 736 1886 haefisse
779 1847 964 1895 videtur,
1021 1846 1130 1900 quod
1170 1846 1233 1887 vel
1270 1857 1381 1900 patet

255 1923 307 1954 ex
323 1915 441 1955 variis
470 1915 732 1972 obligationis
749 1946 762 1968 ,
793 1928 844 1957 ex
869 1917 958 1972 jure
986 1917 1131 1958 laxiori
1159 1916 1378 1965 oriundae,

1309 1985 1377 2027 de·

326 2097 336 2120 x
390 2088 466 2122 Lib.
511 2115 520 2123 .
549 2098 585 2123 c.
636 2115 644 2123 .
734 2115 745 2125 .

299 2086 364 2188 {2}
389 2147 433 2180 In*
449 2090 568 2187 qulbus
591 2092 732 2181 Ali·ct§o?
741 2147 835 2182 Libri
858 2147 912 2181 cui
936 2147 1074 2180 titulus:
1090 2145 1260 2188 Esfhifhr
1277 2146 1378 2182 l’His-

254 2204 334 2236 mire
355 2203 397 2236 da
428 2202 527 2237 Droit
553 2202 710 2239 Natus-cl.
743 2204 850 2240 Lond.
877 2205 973 2248 1758.
993 2204 1035 2239 T.
1054 2204 1101 2238 11.
1124 2214 1158 2247 p.
1176 2214 1232 2248 47.
