1519 2729
743 189 940 247 (4)

279 341 375 388 gum
419 327 743 384 sapientisfimus
773 329 943 372 Salomo
983 329 1129 371 eodem
1179 331 1318 374 furore
1367 333 1407 375 se

232 420 234 422 ’
276 402 408 455 abripi
434 399 570 454 passus
597 410 671 439 est.
730 397 912 441 Tandem
927 413 1049 450 vero,
1080 400 1302 444 vitulorum
1319 403 1408 444 cul-

276 482 320 513 tu
346 470 512 524 publica
537 481 677 524 regum
707 471 948 511 auctoritate
989 471 1031 511 in
1057 458 1191 526 regno*
1214 472 1407 514 Israeliti-

244 535 358 590 *co,
400 539 519 581 Dane
562 550 602 579 et
645 538 846 589 Bethele‚
889 540 1154 590 introducto,
1200 542 1407 584 idolorum

273 611 533 666 pluriumque
560 608 747 651 Deorum
776 609 908 651 cultus
932 611 986 651 ita
1029 612 1210 652 omnium
1254 625 1409 653 mentes

272 682 440 730 invafit,
483 690 528 721 ut
566 691 692 721 totam
733 680 942 734 regionem
984 678 1231 720 Palaestinae
1286 681 1408 722 idolis

272 750 505 805 replerent,
542 749 757 803 ipsa-mque
796 748 928 789 divini
969 747 1111 801 templi
1156 748 1407 792 sanctitatem

271 821 406 875 palam
433 818 633 860 violarent
661 829 703 858 et
731 830 846 874 reges
881 830 923 859 et
962 819 1189 861 sacerdotes
1233 832 1275 861 et
1314 820 1408 861 reli-

270 891 405 946 gionis
427 889 633 930 doctores.
1127 888 1130 889 ⁷

290 975 291 981 ¹
329 960 387 1001 At
428 973 528 1001 vero
566 970 714 1012 quanta
770 961 946 1002 cernitur
1000 960 1145 1016 agendi
1197 961 1406 1005 diverfitas

271 1042 369 1085 post
395 1028 576 1071 exfilium
604 1029 930 1082 Babylonicum!
963 1030 1030 1072 Ab
1057 1044 1109 1072 eo
1138 1031 1230 1072 inde
1245 1043 1407 1084 tempo-

272 1106 319 1141 re‘
344 1112 531 1153 tanquam
560 1098 638 1139 alia
665 1112 764 1154 gens
795 1100 916 1140 nobis
948 1090 1169 1142 occurrun‘t
1196 1100 1407 1150 Hebraei,

269 1170 476 1211 idolorum
540 1171 926 1225 peregrinorumque
993 1169 1180 1211 Deorum
1240 1170 1408 1212 cultum

272 1241 401 1295 magis
430 1240 550 1281 etiam
577 1238 769 1289 aversati,
815 1251 936 1293 quam
965 1250 1080 1279 antea
1105 1239 1156 1279 ad
1177 1250 1268 1280 eum
1290 1251 1410 1281 >erant

269 1310 474 1364 propenfi.
534 1308 728 1350 Cernitur
754 1308 837 1350 hoc
866 1308 1007 1350 odium
1039 1309 1081 1348 in
1119 1307 1322 1361 Daniele,
1366 1320 1409 1350 et

269 1378 527 1432 principibus
567 1378 797 1432 quibusque
825 1379 951 1428 viris,
981 1378 1032 1419 ad
1068 1388 1242 1418 mortem
1278 1390 1407 1434 usque

268 1451 400 1490 avitae
436 1448 627 1505 religioni
660 1449 832 1490 addictis
870 1461 912 1490 et
952 1449 1001 1490 ab
1053 1448 1257 1489 idolorum
1291 1449 1407 1494 cultu

270 1520 532 1561 vehementer
559 1519 727 1571 alienis:,
760 1521 938 1561 cernitur
961 1519 1143 1560 universe
1161 1532 1256 1560 cum
1271 1519 1312 1559 in
1327 1520 1405 1570 iis,

272 1592 344 1643 qui
371 1591 412 1630 in
442 1591 612 1644 patriam
629 1589 718 1649 sunt
744 1590 886 1631 reverfi
905 1620 917 1640 ,
949 1603 1042 1633 cum
1068 1590 1109 1629 in
1138 1591 1209 1639 iis,
1242 1590 1313 1643 qui
1338 1594 1407 1630 va'-

269 1662 350 1702 rias
366 1661 470 1701 inter
488 1670 629 1714 gentes
651 1660 814 1713 disperfi
832 1660 1073 1701 manserunt.
1102 1685 1149 1692 —
1179 1658 1261 1699 Sed
1279 1672 1405 1712 quan·—
1449 1691 1452 1694 .

273 1741 318 1772 to
343 1731 472 1771 studio
496 1730 651 1772 cultum
667 1729 870 1773 idolorum
893 1731 1079 1773 detestati
1110 1731 1182 1771 fint
1199 1727 1405 1778 Hebraei,

274 1813 493 1854 numquam
522 1799 768 1842 luculentius
794 1814 835 1844 et
872 1801 1193 1857 magnificentius
1234 1811 1406 1854 apparu-

273 1873 333 1921 it,
388 1884 508 1924 quam
550 1884 643 1912 cum
698 1871 804 1912 suam
855 1870 1096 1926 religionem
1141 1869 1320 1910 deserere
1353 1869 1402 1910 ab
1446 1880 1448 1882 ’

275 1942 488 1983 Antiocho
514 1941 730 1995 Epiphane
755 1953 1011 1997 cogerentur.
1071 1939 1189 1981 Tunc
1219 1941 1326 1979 enim
1354 1951 1405 1979 ne

275 2011 495 2052 dirisfimis‘
518 2012 680 2064 quidem
708 2011 953 2054 cruciatibus
982 2020 1023 2050 et
1052 2008 1172 2049 bellis
1203 2009 1402 2051 atrocisfi-

274 2081 351 2120 mis
395 2080 444 2120 ab
483 2093 529 2120 ea
563 2082 722 2121 avocari
763 2078 997 2135 potuerunt.
1057 2078 1196 2131 Itaque
1225 2078 1403 2121 Hebraei

271 2148 313 2189 in
353 2150 488 2202 priore
525 2149 738 2202 republica
779 2149 976 2203 templum
1029 2148 1207 2202 Jehovae
1248 2149 1403 2203 sponte

255 2216 494 2262 ⁴sua'idolis
523 2219 778 2276 repleverant
811 2221 1056 2275 impuneque
1092 2217 1194 2261 illud
1231 2218 1403 2263 tulerant

1315 2301 1400 2332 0111·
