1519 2729
721 188 944 252 (80)

272 326 506 377 tenderent,
549 324 696 380 quibus
718 323 897 378 Jehovae
933 327 1172 382 maJ'estatem
1214 326 1398 368 sublimi-

267 384 476 450 ztatemque
502 395 633 449 palam
669 406 933 448 agnoscerent
963 396 1059 451 (a).
1136 395 1253 438 Hanc
1291 399 1397 437 enim

272 467 328 507 ob
358 465 514 508 causam
549 476 766 519 regnorum
805 467 1068 519 gentiumque
1107 465 1400 507 vicisfitudines

266 537 645 590 praenuntiaverant
668 533 891 588 prophetae
907 565 920 585 ‚
965 548 1010 576 ut
1037 536 1260 601 aliquando!
1283 535 1399 576 senfi-

269 606 347 647 bus
376 607 482 659 quafi
507 604 719 658 oculisque
749 606 1026 658 experirentur
1055 604 1263 655 Hebraei,
1294 606 1400 660 regi-

265 689 361 717 men
386 676 567 731 Jehovae
593 664 675 716 non
701 687 778 715 una
803 676 1002 715 contineri
1031 686 1178 729 gente,
1217 675 1285 716 sed
1314 689 1401 716 om·

267 758 340 786 nes
378 746 457 786 fine
497 745 728 786 discrimine
768 754 907 798 gentes
956 744 1195 798 complecti.
1283 744 1403 801 Quae

267 816 577 857 vaticinationes
616 827 709 856 cum
736 814 776 853 in
802 815 943 857 exsilio
986 814 1246 866 Babylonico
1281 827 1402 856 even-

267 897 354 927 tum
397 885 592 926 haberent
629 884 853 938 plurimae,
898 885 1038 925 indole
1077 885 1143 926 sua
1175 885 1278 927 illud
1317 896 1402 928 erat

237 948 241 951 ’
265 955 512 1010 aptissimum
529 985 542 1004 ‚
586 955 636 996 ad
677 951 877 994 israelitas
906 952 1086 1006 Jehovae
1122 954 1253 996 cultui
1279 957 1402 997 unice

266 1025 582 1080 adstringendos.
656 1023 860 1064 Omnibus
894 1023 1001 1063 enim
1029 1022 1127 1065 erat
1149 1024 1401 1067 documento

266 1098 528 1151 gravissimo,
570 1104 713 1136 vanam
756 1095 798 1134 in
840 1091 962 1133 idolis
991 1093 1101 1146 spem
1131 1109 1177 1137 ac
1207 1095 1399 1137 fiduciam

266 1167 396 1219 poni,
427 1167 580 1220 quippe
607 1176 709 1218 quae
734 1162 1213 1218 gentesceleberrimas,
1258 1177 1308 1207 ex
1333 1164 1400 1219 Je-

267 1236 398 1277 hovae
424 1234 671 1289 praedictis,
701 1232 751 1273 ab
780 1233 946 1274 interitu
968 1234 1172 1275 vindicare
1199 1247 1281 1276 non
1302 1248 1399 1288 pos-

270 1307 309 1348 se
338 1306 416 1347 suis
444 1305 516 1358 ipsi
540 1303 732 1345 videbant
760 1301 908 1346 oculis.
967 1304 1105 1356 Atque
1135 1306 1190 1346 ita
1230 1305 1399 1347 Moabi-

269 1388 331 1420 tae
387 1372 496 1428 (h),
547 1373 806 1416 Ammonitae
858 1371 964 1426 (c),
1014 1373 1231 1415 Edoniitae
1285 1373 1398 1429 (cl),

266 1444 495 1490 Phoenices
535 1440 640 1498 (e),
684 1442 882 1496 Aegyptii
908 1441 1021 1497 (f),
1062 1444 1127 1484 vel
1161 1446 1288 1497 patria
1330 1445 1398 1486 sua

267 1516 418 1570 ejecti,
461 1514 526 1557 vel
567 1515 608 1556 in
645 1512 944 1554 Chaldaeorum
989 1512 1286 1567 Persarumque
1318 1527 1397 1567 po-

267 1597 452 1627 testatem
481 1585 667 1632 redacti‚·
683 1583 863 1637 Jehovae
888 1585 1112 1636 potentiam
1128 1597 1174 1624 ac
1189 1583 1396 1626 scientiam

266 1656 460 1696 infinitam
490 1653 687 1695 Hebraeis
713 1652 1029 1694 demonstrarunt
1064 1653 1395 1698 luculentisfime.

321 1726 555 1775 Praeterea,
601 1736 693 1766 cum
735 1723 861 1767 hosce
910 1722 1090 1778 populos
1132 1722 1394 1768 Deastrorum

1304 1794 1399 1837 suo«

309 1933 373 1978 (a)
397 1935 623 1976 Muntinghe‚
652 1934 675 1975 l.
698 1933 721 1965 1.
750 1931 788 1964 T.
817 1932 910 1966 vm.
939 1941 1012 1973 pag.
1041 1933 1098 1975 65.

307 1988 369 2037 (b)
391 1991 512 2036 Jerem.
547 1990 701 2025 XLVIII.
727 1988 855 2023 Ezech.
880 1990 980 2023 XXV:
1006 1990 1023 2021 8
1043 2009 1055 2014 -
1075 1999 1126 2022 11.

309 2044 366 2091 (c)
390 2048 520 2081 Ezech.
544 2049 646 2081 XXV:
675 2059 693 2081 2
712 2067 724 2072 -
742 2048 772 2081 8.
795 2046 917 2091 Jerem.
951 2045 1071 2079 XLIX:
1095 2055 1107 2079 1
1130 2065 1142 2072 -
1158 2047 1190 2081 6.

307 2102 370 2147 (A)
393 2104 485 2150 Jesaj.
506 2104 658 2138 xxxiv.
680 2101 816 2144 Obadja.

306 2159 364 2207 (e)
388 2160 483 2208 Jesnj.
505 2161 628 2198 xxm.
652 2159 781 2193 Ezec'n.
806 2152 1079 2198 xxvi-xxix,

310 2217 381 2263 (f)
403 2218 528 2264 Jerem.
553 2216 670 2251 XLVI.
701 2215 830 2256 Ezech.
862 2216 969 2254 XXIX
985 2236 999 2242 -
1013 2215 1170 2255 XXXIII.
