1519 2729
586 183 805 242 (89‘)

118 323 205 374 ‘pen
249 331 302 373 5,
347 321 420 362 stil.
466 333 518 375 5,
565 323 672 364 stam.
731 337 806 372 10,
862 317 967 375 caps.
1006 319 1240 378 53valvem.

126 390 279 431 Linum
329 391 404 432 cal.
437 406 461 445 5
497 395 684 447 partitum
697 424 712 442 ‚⁷
752 405 833 447 pet.
864 404 916 446 5,
959 388 1163 432 staminum
1195 390 1241 431 fi-

124 460 215 500 lam.
251 473 329 509 πο,
377 461 498 501 fertil.
526 474 579 515 5,
626 462 730 503 steril
758 473 806 516 5,
851 461 927 502 stil.
959 470 1013 515 53
1056 461 1184 516 stigm.
1213 469 1240 514 5

124 529 229 582 caps.
268 543 315 570 10
345 530 563 572 Iocularem
593 544 631 572 et
667 546 715 573 10
743 532 912 573 valvem.

182 598 293 641 llaec
352 613 470 653 atque
515 599 712 655 permulta
756 601 830 641 alia
870 599 1080 654 exempla,
1139 610 1242 654 quae

124 661 238 710 hisch
263 667 351 710 addi
379 668 571 723 possent,
604 669 694 711 satis
732 671 1023 720 demonstrant,
1067 670 1240 725 partium

122 752 360 788 numerum,
406 740 502 780 licet
545 743 586 780 in
629 741 825 793 pluribus„
853 742 1007 782 casibus
1050 738 1244 793 pervalde

122 809 307 851 fallacem
327 838 341 857 ‚
400 820 530 849 tamen
584 810 625 849 in
678 810 960 850 methodorum
1004 809 1242 850 naturalium

123 879 384 932 dispositione
419 891 501 918 non
530 880 690 931 penitus
716 879 1002 933 negligendum
1045 879 1155 926 esse,
1197 887 1243 917 ut

121 950 203 1004 jam
254 948 584 1001 Jussievus,
644 948 956 988 Batschius
1007 947 1241 999 ultimisque

125 1018 378 1069 temporibus
410 1016 727 1058 Candolliu
747 1028 764 1055 s
796 1012 875 1068 (ι)
904 1016 1167 1070 observavere
1197 1026 1240 1055 et

122 1086 316 1140 plurimas
359 1084 530 1126 familias
569 1098 619 1126 ex
652 1098 820 1127 numero
848 1084 1115 1139 disponendas
1155 1084 1240 1126 esse

121 1156 385 1196 edocuerunt.
1216 1202 1219 1209 Δ

154 1223 371 1278 -Denique
412 1233 577 1280 magnae
615 1224 722 1266 laudi
754 1222 1110 1280 Sprengelio
1150 1236 1240 1274 est,

123 1295 239 1349 quod
264 1296 596 1336 accuratissimam
626 1293 851 1336 Botam‘ces
882 1294 1123 1337 Historiam
1158 1292 1241 1348 (ε)

122 1364 203 1418 qua
229 1374 269 1404 et
288 1375 475 1405 accurate
498 1364 791 1406 Methodorum
821 1364 1056 1405 naturalium
1077 1364 1243 1406 historia

122 1438 187 1475 ani
219 1432 454 1482 delineavit,
503 1433 658 1488 scripsit
699 1435 932 1487 ediditque,
988 1433 1099 1488 quo'd
1135 1446 1240 1487 opus

122 1503 218 1545 huic
268 1502 413 1545 illustri
443 1503 644 1546 Botanico
671 1506 711 1545 in
749 1514 953 1547 aeternum
995 1504 1071 1545 erit
1095 1515 1237 1546 monu-

123 1584 313 1614 mentum.
846 1578 851 1586 '

173 1694 237 1740 (ι)
261 1698 359 1733 Conf.
383 1701 414 1734 D
430 1710 450 1750 e
464 1711 496 1736 c.
522 1701 646 1736 Theorie
668 1700 770 1736 Elem.
799 1712 833 1744 p.
865 1710 923 1735 122
947 1703 1038 1745 seqq.

168 1750 232 1796 (2)
267 1754 296 1787 K
311 1764 331 1787 u
348 1765 364 1787 r
378 1764 402 1790 t.
440 1758 460 1791 S
473 1769 495 1802 p
511 1768 526 1792 r
542 1768 559 1792 e
575 1768 594 1791 n
608 1768 629 1801 g
645 1767 663 1792 e
679 1759 689 1791 1
704 1767 718 1790 s
759 1756 939 1799 Geschiclzte
977 1759 1036 1793 der
1073 1757 1214 1792 Botam'k
1225 1777 1236 1796 ‚

126 1809 267 1853 Leipzig
298 1812 389 1848 1818.

1084 2274 1230 2317 'PARS
