1519 2729
677 192 899 248 (38)

287 332 391 374 Cum
436 331 537 372 hanc
577 329 770 370 theoriam
812 331 957 382 optimi
997 330 1113 383 hujus
1155 313 1363 381 temporis·

232 400 387 454 Phyfici
419 401 655 453 sequantur,
686 409 726 437 et
757 398 825 438 illa
853 411 934 438 non
965 411 1113 439 tantum
1141 399 1188 438 ad
1224 410 1348 452 aquae

231 483 399 523 vapores
416 499 429 517 ‚
461 469 524 510 sed
547 479 586 508 et
608 467 657 508 ad
681 466 783 508 alios
810 467 1002 520 applicari
1035 480 1152 521 queat
1168 496 1180 511 ,
1213 467 1260 507 de
1282 466 1353 506 illa

230 540 351 582 fufius
379 551 496 592 quam
520 538 567 578 de
596 536 684 577 aliis
705 549 819 592 again
849 550 888 578 et
915 539 1048 591 primo
1078 538 1238 591 quidem
1254 537 1353 577 loco
1382 542 1385 545 “

481 677 513 717 1.
543 676 612 718 De
641 674 867 728 vaporibus
897 675 942 715 in
972 688 1114 717 vacuo.

292 817 484 870 Sequenti
528 814 650 855 modo
692 813 881 867 procedit
914 812 1158 863 Dalton‚
1199 822 1244 854 ut
1286 811 1362 853 de-

236 888 419 927 terminet
445 897 639 938 vaporum
668 885 707 923 in
732 897 863 925 vacuo
885 883 1067 924 effectus.

257 1000 261 1002 γ
293 956 480 995 Sumatur
511 942 630 994 tubus
660 954 950 994 barometricus
980 955 1020 993 in
1047 951 1230 1006 aequales
1271 963 1362 1004 par-

238 1037 296 1068 tes
325 1025 496 1073 divisus,
527 1025 567 1063 in
596 1035 716 1076 quem
743 1024 963 1063 mercurius
1000 1023 1229 1063 infundatur
1264 1033 1361 1062 coc-

238 1107 329 1143 tus,
362 1097 414 1135 ita
443 1105 486 1135 ut
513 1104 643 1134 totum
664 1092 748 1132 fere
776 1092 916 1133 tubum
946 1092 1124 1145 repleat,
1162 1090 1274 1144 quod
1301 1090 1363 1131 su-

240 1175 373 1217 perest
398 1163 565 1216 spatium
594 1162 826 1215 suppleatur
853 1161 1037 1214 liquido,
1081 1162 1195 1215 cujus
1237 1171 1364 1211 vapo-

237 1246 300 1273 res
330 1232 414 1272 sunt
443 1232 735 1286 investigandiz,
769 1230 867 1270 haec
893 1232 919 1271 fi
947 1230 1052 1270 facta
1086 1230 1262 1277 fuerint,
1305 1227 1364 1268 di-

238 1304 314 1356 giti
340 1314 417 1354 ope
440 1301 646 1342 claudatur
675 1300 796 1341 tubus
819 1312 859 1340 et
888 1302 1126 1348 invertatur,
1158 1301 1211 1339 ita
1233 1309 1366 1339 tamen

238 1383 284 1412 ut
312 1374 406 1419 αὲῐ,
441 1372 525 1411 tubi
557 1371 780 1424 parietibus
814 1369 1056 1418 adhaerens,
1100 1370 1162 1410 his
1187 1368 1367 1409 detraha-

240 1454 332 1488 turg
365 1432 456 1480 dein
486 1441 633 1480 iterum
661 1441 880 1479 invertatur
906 1439 1053 1488 tubus,
1096 1440 1150 1478 ita
1185 1449 1228 1478 ut
1253 1450 1366 1490 aper-

241 1523 327 1550 tura
371 1510 618 1562 superiorem
669 1519 849 1561 occupet
898 1507 1066 1556 loeum3
1123 1520 1213 1560 pars
1256 1507 1368 1548 fluidi

242 1580 329 1621 tubi
355 1580 575 1632 parietibus
601 1579 815 1626 adhaeret,
846 1577 967 1617 altera
997 1590 1088 1617 cum
1119 1576 1285 1617 bullulis
1303 1577 1369 1616 a‘e'-

240 1651 318 1689 reis
347 1649 460 1702 supra
479 1642 721 1689 mercurium
753 1647 928 1689 collecta
946 1678 958 1698 ‚
989 1646 1238 1691 effundatur..
1269 1647 1370 1686 etin

240 1720 359 1773 hujus
387 1718 524 1759 locum
551 1719 787 1761 mercurius,
805 1717 1060 1767 infundatur,
1103 1718 1157 1757 ita
1189 1728 1234 1757 ut
1261 1725 1371 1756 totus

241 1789 454 1842 impleatur
484 1788 629 1837 tubus,
661 1789 729 1840 qui
761 1787 918 1828 tandem
942 1788 1157 1827 invertatur
1172 1788 1211 1826 in
1230 1798 1372 1826 vascu-

240 1859 284 1900 lo
312 1860 513 1900 mercurio
541 1860 659 1898 etiam
686 1857 864 1910 repleto.

299 1929 374 1970 His
415 1928 604 1969 omnibus
647 1929 701 1968 ita
744 1927 946 1980 dispofitis
973 1926 1191 1967 mercurius
1221 1924 1302 1965 hoc
1332 1924 1372 1963 in

243 1999 343 2038 tubo
374 1998 597 2052 depresfior
626 1997 892 2046 observatur,
924 2010 1041 2050 quam
1073 1998 1111 2035 in
1141 1996 1372 2035 barometro

1284 2061 1371 2101 vul-
1424 2102 1430 2105 Α

241 2160 403 2198 mutique,
428 2156 524 2188 Tom.
554 2157 579 2189 Ι.
614 2166 686 2198 pag.
716 2159 781 2200 264
808 2157 922 2198 seqq.;
946 2163 982 2187 ut
1002 2162 1035 2187 et
1058 2157 1160 2188 precis
1181 2153 1373 2189 Ele'mcntai-

241 2225 276 2247 re
290 2237 302 2253 ,
324 2213 416 2248 Edit.
438 2217 482 2246 2²⁴³
515 2213 615 2246 Tom.
638 2214 666 2247 1.
693 2224 766 2256 pag.
791 2213 856 2246 260
883 2211 976 2254 seqq.
