1519 2729
685 146 912 204 (42)

234 284 369 330 donec
396 287 621 343 designatus
648 286 857 330 successor
898 300 938 330 te
978 285 1135 328 tandem
1189 287 1365 328 muneris

232 368 423 411 molestia
473 371 635 424 penitus
675 368 809 412 levare
853 371 1005 425 posfit:
1061 377 1182 422 atque
1226 378 1366 421 optata

226 453 371 506 quiete
413 451 632 493 diutisfime
661 452 717 492 ita
743 452 936 505 deinceps
975 451 1146 502 fruaris,
1177 460 1222 491 nt
1250 446 1364 491 fimul

189 539 192 542 ⁴
231 535 507 583 Academiae,
539 533 588 575 de
616 547 694 588 qua
720 532 925 587 praeclare
955 534 1120 573 meritus
1150 544 1219 582 es,
1251 543 1365 572 com⁶

231 617 366 657 modis
394 615 641 669 utilitatique
669 610 814 657 servire
842 627 924 656 non
958 614 1134 655 desmast
1166 634 1210 644 —

291 698 454 739 Eodem
507 709 642 739 autem
693 697 939 761 Academiae
986 701 1149 736 nostrae·
1206 695 1366 738 umisa-

231 787 303 821 mo
333 779 503 821 honoris
532 779 644 821 sensu
675 780 840 820 ductum
868 780 917 819 iri
946 791 1122 828 novum,
1154 789 1275 832 quem
1298 790 1367 818 ex·

233 862 492 917 spectamus,
553 860 812 917 Theologiae
875 837 1190 908 professorem:
1245 871 1370 902 nemo

231 952 412 986 vestrum
455 954 544 992 est,
589 945 686 997 quin
714 946 861 984 merito
892 944 1052 997 speret,
1096 942 1148 983 A.
1170 941 1223 983 A.
1291 942 1371 983 Est

231 1028 342 1067 enim
381 1027 463 1082 jam
505 1028 546 1066 in
571 1025 716 1081 vulgus
742 1025 827 1066 fere
854 1037 997 1066 notum
1014 1055 1027 1075 ‚
1071 1022 1370 1066 HERMANNUM

234 1101 458 1158 BoUMAN‚
490 1108 605 1161 cujus
635 1119 675 1147 et
705 1107 978 1158 modestiam,
1008 1118 1049 1148 et
1075 1107 1369 1158 eruditionem,

234 1199 277 1228 ct
306 1190 420 1241 pacis
449 1188 780 1248 concordiaeque
806 1202 984 1230 amorem
1017 1188 1197 1231 celebrat
1220 1186 1370 1238 ¹¹fama,

235 1282 380 1312 munus
419 1269 492 1312 fibi
534 1269 717 1312 oblatum
755 1270 808 1311 fic
849 1271 1082 1324 accepisse,
1126 1281 1193 1319 ut,
1224 1269 1372 1324 sepofi-

239 1353 319 1402 tis,
352 1352 501 1406 quibus
531 1354 572 1392 in
601 1351 800 1405 praesenti
835 1340 1085 1394 conditione,
1114 1351 1369 1401 somniatur,

235 1433 523 1475 emolumentis
564 1437 820 1489 permagnis,
864 1433 950 1486 sola
986 1436 1161 1476 muneris
1211 1433 1371 1476 Acade-

237 1519 336 1560 mici
368 1518 561 1573 dignitate
593 1530 641 1559 ac
671 1515 909 1571 praestantia
953 1516 1096 1570 majori
1137 1524 1369 1568 permotum

236 1599 360 1642 fuisse
390 1613 509 1650 eum,
540 1611 624 1640 non
651 1600 697 1641 fit
724 1599 838 1654 quod
864 1599 1083 1641 dubitetur.
1145 1596 1282 1652 Quem
1308 1609 1370 1638 ei·-

237 1694 294 1737 go
325 1682 504 1723 futurum
532 1680 735 1736 collegam
764 1693 805 1722 et
830 1680 1018 1722 universo
1058 1680 1223 1721 Senatui
1263 1677 1370 1719 Aca·

238 1764 432 1814 demico‚
463 1775 504 1805 et
534 1764 680 1805 Ordini
708 1765 747 1805 in
775 1765 916 1818 primis
947 1762 1212 1818 Theologico
1247 1761 1370 1803 vehe-

236 1859 391 1888 menter
415 1847 598 1903 gratulor
614 1849 622 1888 !
637 1869 684 1880 —-

296 1929 651 1983 Quemadmodum
681 1942 780 1971 vero
808 1927 912 1970 nihil
939 1939 1000 1969 est
1025 1929 1067 1968 in
1096 1927 1136 1969 se
1178 1925 1371 1982 optabili⁶

238 2023 316 2060 us,
346 2010 417 2051 nifi
445 2022 490 2051 ut
517 2011 708 2065 discipuli
738 2012 914 2062 eodem,
963 2024 1046 2065 quo
1075 2011 1146 2063 ipsi
1176 2021 1372 2063 praecep6

241 2104 381 2143 tores,
414 2091 607 2132 laudabili
637 2093 762 2135 modo
794 2093 832 2134 se
857 2093 1071 2134 ostendant
1086 2091 1255 2133 affectos
1273 2122 1286 2143 ‚
1316 2093 1373 2133 ita

241 2177 341 2220 haec
367 2174 489 2216 nobis
512 2176 714 2230 contingit
737 2174 941 2227 felicitas,
972 2184 1018 2215 nt
1043 2186 1181 2217 verum
1208 2187 1255 2218 ac
1281 2187 1374 2231 ger*

1290 2268 1373 2298 ma-
