1519 2729
717 146 937 203 (44)

259 289 558 343 provectioris,
609 285 659 326 ab
690 283 888 341 Hydrope
916 286 1054 328 Ascite
1084 295 1264 328 mortuae
1305 298 1372 329 ca-

257 359 406 408 daver,
438 358 565 411 ‘cujus
606 355 820 396 admodum
859 356 1020 398 distenti
1057 356 1283 397 abdominis
1310 368 1373 397 to-

258 439 338 469 tam
368 428 579 469 cavitatem
615 426 808 480 repletam
845 427 1037 480 conspexi
1075 425 1374 471 innumerabili-¹

259 498 337 540 bus
374 499 512 540 veficis
548 508 615 538 aut
653 495 846 545 sacculis,
891 497 1058 539 humore
1103 499 1304 538 tenaciore
1333 505 1374 535 et

258 567 465 623 glutinoso
487 567 658 608 refertis.
717 565 950 607 Nonnullae
977 579 1111 606 earum
1133 577 1244 606 erant
1266 577 1376 619 mag-

254 637 438 678 nitudine
474 649 632 691 pugnae
672 636 867 682 minoris,
923 635 1022 676 aliae
1063 635 1377 689 magnitudinem

250 708 374 748 nucis
422 706 622 761 juglandis
659 717 741 744 non
787 703 1048 758 superabant,
1090 716 1173 745 non
1225 714 1379 757 paucae

258 775 482 830 aequabant
506 787 650 815 nucem
675 773 940 814 avellanam.’'

315 844 500 899 Epistola
540 844 590 885 ad
614 842 742 884 Ettm.
774 858 814 897 p.
845 857 911 885 21.
942 873 970 896 „
1001 843 1215 884 Biennium
1254 842 1374 883 circi-

250 928 319 956 rter
347 916 524 969 elapsum
550 926 639 962 est,
670 926 762 955 cum
793 914 860 954 hic
882 914 966 954 loci
984 912 1251 966 Hydropicus
1267 923 1378 952 mor-

257 986 450 1027 talitatem
474 983 682 1038 explevit3
728 983 917 1024 cadavere
943 982 1052 1023 illius
1077 993 1218 1035 aperto
1256 982 1381 1035 hepar

224 1102 225 1105 Ἴ
257 1067 388 1096 totum
418 1066 610 1108 quantum
639 1066 688 1094 ex
718 1051 989 1105 Hydatidibus
1033 1052 1266 1101 constabat,
1310 1064 1380 1092 ne-

257 1137 339 1179 que
394 1124 435 1164 id
476 1122 635 1172 solum,
680 1123 746 1164 sed
786 1122 1148 1169 eePerstonaeum
1195 1120 1380 1163 veficulis

259 1189 417 1249 aquofis'
451 1193 655 1243 scatebat,
698 1194 845 1246 quibus
889 1194 1037 1247 apertis
1067 1192 1233 1246 lympha
1263 1203 1380 1232 tenax

259 1267 387 1305 vitrea
411 1277 457 1306 ac
486 1263 620 1305 lucida
649 1260 882 1306 effluebat.'’

252 1350 256 1354 ⁴
315 1364 345 1387 „
374 1335 598 1389 Chirurgus
640 1330 719 1386 (1)
756 1333 990 1382 thoracem,
1032 1334 1074 1373 in
1116 1345 1195 1385 qua
1227 1329 1380 1372 collec-

250 1406 409 1445 -tionem
436 1417 563 1457 aquae
587 1404 815 1456 ⁴suspicatus
845 1404 972 1452 esset,
1019 1402 1223 1455 perforare
1263 1402 1380 1454 cupi-

258 1486 358 1523 ens,
389 1475 428 1513 in
460 1472 790 1526 Hypochondrio
820 1473 963 1513 dextro
1001 1471 1200 1512 abdomen
1239 1470 1380 1524 perfo-

256 1555 329 1584 rat.
405 1540 442 1582 E
488 1543 662 1596 vestigio
699 1539 922 1593 Hydatides
965 1541 1113 1582 multae
1159 1539 1380 1582 successive

254 1624 486 1667 erumpunt.
528 1612 948 1660 Turt1nda1nindidit3
981 1624 1044 1650 me
1059 1612 1247 1660 vocavit,
1276 1610 1382 1650 obiit

255 1697 388 1739 aeger.
447 1683 607 1736 Apcrto
631 1683 842 1731 cadavere,
875 1681 1020 1722 thorax
1050 1682 1139 1722 sana
1165 1681 1381 1733 apparuit,

249 1754 380 1806 hepar
409 1765 541 1794 autem
569 1751 811 1793 Peritonaeo
839 1762 1083 1799 connatum„
1115 1761 1170 1790 et>
1190 1751 1380 1804 propriae

255 1823 489 1864 substantiae
519 1822 617 1865 loco
642 1835 692 1863 cx
718 1821 992 1875 Hydatidibus
1019 1833 1163 1876 magna
1187 1833 1237 1862 ex
1264 1831 1379 1875 parte

255 1892 626 1948 coagmentatum.’'
1023 1882 1026 1884 v
1309 1943 1315 1947 ι

252 1990 273 1996 --
311 1993 339 2019 ‚‚
369 1963 541 2015 Hydatis
569 1965 710 2019 ingens
741 1959 820 2017 (ρ.)
849 1974 898 2003 ex
929 1961 1072 2016 hepate
1102 1961 1277 2003 humano
1305 1959 1373 2001 de-

255 2033 424 2076 sumta.'’
503 2085 506 2088 .

484 2096 487 2100 ⁴
1290 2089 1376 2131 An·-

299 2158 363 2205 (1)
387 2161 457 2203 obst
487 2163 590 2195 Anat.
610 2161 664 2202 65.

301 2214 364 2263 (a)
386 2218 491 2253 Catal.
513 2217 597 2252 Rar.
621 2227 655 2259 p.
684 2216 756 2252 168.
779 2216 824 2252 N.
847 2227 882 2261 9.
