1519 2729
673 159 704 215 ‘(
764 174 848 212 204
905 158 929 212 )

231 303 397 344 beatur:
441 329 470 353 ‚,
500 298 559 340 Ita
590 310 703 353 ege,
747 307 793 338 ut
833 307 1115 351 quemcunque
1145 295 1351 337 hominem

231 399 260 425 ,-,
287 383 489 425 nunquam
505 382 580 423 pro
594 369 730 408 medio
758 367 968 408 arbitrario
985 398 996 415 ‚
1026 378 1098 408 tuo
1128 365 1196 406 fini
1229 364 1352 405 inser-

231 467 261 495 „
289 442 425 481 viente
466 439 642 488 habeas,
687 436 754 477 sed
788 449 864 490 pro
904 436 1094 489 persona,
1141 447 1242 489 quae
1279 435 1352 476 fibi

231 540 261 564 „
291 511 374 564 ipsa
403 509 522 550 finem
551 519 781 562 proponere
806 517 971 560 potest,
1016 517 1057 546 et
1088 507 1161 546 niti
1189 517 1234 546 ut
1260 517 1352 545 eum

231 609 261 634 ‚,
292 578 491 634 attingat''
525 576 618 632 (ι).

248 678 251 679 ⁷
290 648 386 692 Hoc
422 648 666 702 principium
708 657 731 684 a
771 643 977 684 nonnullis
1016 645 1114 684 tanti
1157 645 1353 686 momenti

233 732 295 760 est
329 719 538 765 habitum,
580 713 752 755 utillud
788 713 917 766 ipsum
953 713 1190 754 moralitatis
1230 714 1354 754 habe-

233 801 322 830 rent
350 788 666 828 fundamentum.
711 782 909 825 Putabam
923 782 963 822 hi
988 794 1066 823 tam
1085 782 1290 835 splendide
1305 783 1354 823 de

235 859 411 900 hominis
441 857 633 912 dignitate
663 852 835 903 tuenda,
867 863 1054 905 tanquam
1079 852 1234 894 summo
1251 853 1353 902 fine,

234 941 280 971 ut
317 928 381 969 vel
424 927 475 968 ad
515 928 596 968 hoc
637 924 766 966 solum
799 923 974 964 ethicam
1005 922 1183 975 spectare
1213 923 1355 975 opina-

234 1010 384 1040 rentur.
444 995 844 1038 Hoffbauerus
870 994 953 1040 ita,
984 993 1039 1033 ait
1066 990 1178 1046 (2),
1216 1005 1356 1046 quem-

233 1081 393 1121 cunque
423 1068 576 1112 ratione
605 1064 852 1120 praeditum,
883 1063 1029 1104 habeas
1054 1075 1130 1115 pro
1158 1064 1355 1116 persona,

234 1141 262 1181 i.
290 1151 326 1179 e.
355 1150 432 1191 pro
459 1148 551 1177 ente
578 1134 690 1188 quod
709 1134 808 1175 fines
824 1133 896 1174 fibi
913 1134 1112 1187 proponit
1128 1134 1168 1173 in
1184 1133 1356 1188 agendo.

291 1208 486 1249 Ceterum
525 1217 706 1247 nostrum
756 1205 1005 1257 principium
1053 1203 1161 1244 varie
1202 1216 1358 1257 propo-

239 1279 398 1321 suerunt
437 1277 521 1318 alii.
590 1304 619 1328 ,‚
649 1273 709 1315 Ita
733 1285 834 1328 age,
879 1275 1068 1328 inquiunt
1109 1271 1222 1328 (3),
1252 1285 1298 1314 ut
1330 1273 1362 1314 st

238 1379 267 1402 ,‚
297 1349 467 1402 quisque
507 1345 562 1387 ita
601 1355 762 1400 ageret,
817 1346 988 1398 quisqu-e
1042 1345 1162 1384 etiam
1204 1345 1360 1385 ratione

238 1448 269 1472 ,‚
299 1419 501 1472 praeditus
517 1417 614 1457 fines
628 1416 707 1457 fibi.
713 1415 947 1469 propositos
961 1415 1158 1468 attingere
1177 1413 1359 1466 posset.''

241 1489 320 1530 Vel
337 1490 454 1528 etiam
469 1498 611 1527 nostro
625 1486 830 1537 principio
854 1485 941 1525 duo,
965 1485 1130 1538 proprie
1158 1485 1362 1538 principia
1394 1520 1398 1523 .

243 1557 656 1601 contineridixerunt
686 1552 795 1609 (4),
839 1566 880 1594 et
909 1555 963 1595 ita
989 1567 1073 1595 rem
1104 1554 1183 1595 sese
1211 1554 1361 1595 habere

242 1630 398 1684 opinati
441 1615 556 1668 sunt:
600 1655 628 1678 ‚‚
659 1625 718 1665 Ita
753 1637 874 1678 agas,
919 1637 964 1665 ut
990 1637 1275 1678 quemcunque
1302 1637 1363 1665 ra-

242 1730 271 1754 „
301 1701 411 1741 tione
438 1697 662 1751 praeditum
697 1707 773 1747 pro
813 1695 982 1748 persona
1023 1696 1171 1735 habere
1206 1695 1363 1748 posfis‚

242 1799 271 1824 ,‚
300 1771 326 1811 i.
357 1782 394 1810 e.
423 1781 500 1822 pro
528 1777 648 1817 ente,
693 1765 805 1820 quod
843 1765 892 1806 ad
918 1765 1038 1806 finem
1080 1766 1150 1808 fibi
1179 1766 1364 1819 propofi-

809 1842 812 1846 ’
1220 1865 1250 1889 ,,
1279 1847 1363 1877 tum

286 1963 350 2008 (ι)
376 1965 460 1997 Crit.
486 1963 578 2005 Mag.
608 1963 663 1997 IV.
691 1963 735 1995 D.
764 1961 787 1995 s.
819 1962 881 1996 160
904 1963 950 2003 sq.

285 2020 348 2063 (2)
372 2019 566 2062 shfiazgsgr.
593 2019 626 2053 d.
649 2018 837 2064 Blomlpln'l.
864 2020 890 2053 s.
926 2030 979 2062 29.
1008 2019 1090 2051 Cis.
1118 2019 1211 2061 Jl..·g.
1238 2019 1296 2052 lv.
1324 2019 1364 2052 1).

242 2077 267 2112 s.
298 2087 371 2112 κο.
454 2080 457 2081 ’

289 2113 351 2177 (3‘3
375 2133 403 2177 J.
434 2133 472 2165 H.
508 2132 669 2165 Matth
687 2141 704 2166 e
721 2142 762 2173 s,
785 2132 867 2166 cm.
896 2129 990 2174 Mag.
1025 2131 1083 2165 iv.
1109 2131 1154 2164 D.
1172 2132 1299 2174 [tt-⁴160.

289 2188 353 2234 (4)
380 2187 428 2221 id.
453 2188 498 2220 Ab.
522 2198 555 2230 p.
582 2188 654 2223 161.
