1519 2729
551 162 591 219 (
639 174 716 218 119
772 160 801 216 >

117 299 247 342 *Per
288 299 608 342 Pestelium
649 301 813 354 itaque,
858 300 986 341 virum
1023 302 1145 342 unum
1187 303 1231 342 in

115 372 254 423 paucis
314 370 601 424 philosophum
619 399 631 420 ,
696 383 883 426 magnum
939 372 1233 410 incrementum

114 450 232 480 nacta
271 451 336 481 est
361 439 638 494 philosophia
674 441 918 489 moraliset
956 441 1232 494 jurispruden-

60 518 64 522 ’
115 509 168 548 tia
205 509 422 559 naturalis,
466 521 506 549 et
547 509 659 562 quod
688 510 754 550 alii
785 521 874 550 ante
912 509 1041 562 ipsum
1068 510 1233 550 invene·

111 589 228 627 rant,
287 579 337 619 ad
391 580 573 620 ordinem
613 591 653 620 et
700 580 1016 634 segregationem
1060 574 1231 629 eorum,

111 658 213 701 quae
245 650 447 690 miscenda
474 662 555 690 uon
592 649 706 699 sunt,
750 649 976 690 luculenter
1014 648 1229 699 adhibuit;

110 730 185 771 per
225 717 450 764 officiosum
494 718 536 758 in
577 719 758 772 perfecta
793 731 833 759 et
867 718 1104 772 imperfecta
1132 719 1234 759 divi-

111 788 262 828 fionem
286 788 501 829 discrimen
531 789 738 830 constituit
768 790 871 829 inter
898 801 942 829 ea
960 820 972 836 ‚
1002 801 1104 841 quae
1125 789 1231 829 obli-

109 859 283 914 gationis
300 858 506 910 Juridicae
538 859 624 899 esse
650 858 864 908 dicuntur,
897 869 936 898 et
958 871 1061 910 quae
1087 859 1232 911 juben-

113 937 178 967 tur
216 928 352 968 officio
390 939 483 968 vere
526 929 580 968 ita
607 928 760 978 dicto,
806 931 909 968 inter
939 942 985 969 ea
1011 941 1112 982 quae
1143 929 1231 969 sunt

107 995 450 1050 Jurisprudentiae
479 997 668 1039 naturalis
697 1009 817 1050 atque
847 997 1032 1039 Ethices.

167 1066 360 1119 Ceterum
387 1080 410 1107 a
437 1068 578 1108 tradita
606 1066 636 1108 P
654 1080 707 1107 es
725 1067 855 1109 telii
880 1068 1064 1108 doctrina
1089 1080 1230 1120 parum

112 1128 247 1177 differt
282 1136 378 1186 illa,
422 1150 540 1190 quam
579 1138 662 1192 jam
692 1150 808 1179 antea
840 1139 880 1178 in
916 1138 1131 1179 Germania
1161 1150 1231 1180 ex-

110 1206 299 1259 posuerat
327 1206 403 1247 Vir
427 1206 572 1247 Celeb.
604 1207 728 1248 Chr.
761 1200 1071 1256 W'olffius‚
1103 1208 1228 1248 maxi-

112 1288 177 1316 me
203 1277 243 1316 in
272 1286 388 1317 vasto
418 1275 492 1316 illo
522 1289 646 1328 opere
675 1277 723 1317 de
746 1276 840 1332 Jure
866 1290 1042 1318 naturae.
1074 1277 1232 1332 Quem-⁴

111 1346 326 1387 admodum
350 1358 401 1387 ex
429 1346 624 1387 felicitate
653 1358 694 1386 et
733 1347 935 1388 societatis
961 1347 1228 1401 tranquillita-

111 1427 153 1456 te
167 1416 326 1457 honesti
352 1418 530 1470 justique
551 1417 686 1459 causas
711 1419 874 1470 repetiit
903 1417 933 1457 P
949 1431 971 1457 e
988 1431 1005 1458 s
1022 1429 1037 1458 t
1051 1417 1127 1457 eli
1145 1431 1170 1458 u
1187 1429 1228 1467 s,

57 1516 59 1519 .
111 1487 166 1527 ita
193 1486 409 1527 Wolfffi
425 1500 508 1537 us,
528 1487 670 1542 (cujus
686 1486 1009 1541 philosophiam,
1031 1488 1228 1542 conjunc-

111 1569 191 1598 tam
206 1569 298 1597 cum
312 1556 805 1611 placitisphilosophicis,
837 1571 859 1598 a
888 1556 1226 1598 Leibnitzio

111 1638 225 1667 antea
255 1627 430 1676 traditis,
461 1629 645 1682 plerique
676 1630 717 1669 in
742 1628 959 1680 Germania
989 1627 1227 1680 philosophi

112 1697 332 1750 probarunt
358 1699 407 1737 ad
431 1699 610 1740 Criticae
628 1698 911 1751 philosophiae
925 1709 1053 1750 usque
1069 1709 1228 1751 tempo-

112 1765 181 1817 ra)
199 1768 237 1807 in
255 1767 428 1808 hominis
445 1768 523 1808 sese
540 1768 774 1822 perficiendi
792 1767 928 1808 officio
943 1769 1111 1820 primam
1129 1768 1228 1808 doc-

115 1837 239 1876 trinae
255 1836 416 1877 moralis
432 1837 564 1892 legem
582 1839 729 1891 posuit.
761 1838 909 1878 Statuit
923 1850 1053 1877 autem
1071 1837 1229 1879 Wolf-

115 1906 255 1947 fius:
287 1906 401 1946 nullo
424 1907 547 1948 modo
578 1909 615 1948 se
643 1907 836 1960 perficere
864 1919 1002 1960 potest
1017 1908 1168 1956 homo,
1201 1908 1227 1949 fi

115 1976 228 2016 alteri
267 1977 331 2029 jus
372 1987 432 2014 est
470 1962 742 2028 prohibendi}
785 1990 868 2029 quo
909 1978 1037 2017 minus
1077 1977 1146 2019 ille
1189 1980 1228 2020 se

113 2046 309 2101 perficiat.
384 2045 471 2086 Lex
501 2060 664 2099 quoque
704 2046 892 2103 naturalis
929 2048 999 2088 fibi
1042 2048 1125 2102 ipsa
1167 2061 1230 2089 re-

115 2127 339 2168 pugnaret,
373 2117 397 2157 fi
429 2118 495 2156 uni
526 2117 756 2159 facultatem
799 2119 1039 2160 concederet
1077 2119 1233 2173 aliquid

115 2183 288 2226 faciendi
326 2186 518 2240 simulque
559 2187 671 2229 alteri
710 2191 986 2241 permitteret,
1031 2201 1074 2231 ut
1114 2190 1232 2244 hujus

1174 2259 1232 2302 fa-
