1519 2729
550 163 576 224 C
639 183 714 226 103
773 165 800 224 )

591 305 783 348 Lxxm.

174 440 266 484 Alia
291 456 440 499 organa
467 444 493 486 fi
521 445 840 496 consideramus,
873 448 1076 503 sequentia
1103 449 1228 491 maxi-

64 569 67 572 ,
116 523 181 553 me
209 514 250 553 in
277 514 428 555 sensum
456 516 620 556 veniunt
643 516 931 568 symptomata:

120 587 122 589 ’
177 583 252 624 Ad
281 581 467 639 systema
506 582 843 639 sanguiferumss
881 588 959 630 huc
1002 588 1135 630 cordis
1170 588 1230 629 af-

117 652 275 703 fectio,
320 655 359 693 in
384 654 738 695 constitutionibus
762 668 907 711 nempe
933 657 1200 697 sensiliOribus
1216 687 1230 707 ,

117 734 157 762 et
185 724 358 764 nervosis
387 737 409 764 a
434 725 636 766 vermibus
663 725 862 778 producta
887 726 1021 767 cordis
1060 724 1234 781 palpita-

118 794 177 834 tio
206 793 312 833 haud
330 806 420 834 raro
446 796 652 844 occurrit,
698 794 840 836 deinde
883 795 1018 850 pulsus
1053 809 1075 836 a
1101 809 1160 848 4-
1180 809 1234 848 30

118 862 306 903 diastolas
361 863 656 914 intermittens,
715 864 851 916 celer,
907 879 1081 919 parvus,
1136 864 1232 906 defi·

120 933 245 973 ciens.

177 999 272 1042 Hoc
313 999 411 1042 loco
451 1015 614 1055 quoque
653 1005 851 1058 imprimis
891 1007 1081 1054 convenit
1124 1012 1234 1044 men-

121 1072 274 1111 tionem
300 1070 433 1112 facere
460 1072 508 1112 de
535 1072 744 1125 febribus,
776 1075 851 1115 hos
874 1087 1030 1116 vermes
1048 1086 1237 1127 tanquam

123 1141 320 1195 originem
367 1145 704 1196 agnoscentibus:
759 1144 845 1185 scil.
897 1144 1079 1185 febribus
1117 1144 1237 1184 variis

124 1209 230 1251 haud
253 1223 343 1251 raro
370 1212 502 1253 ansam
543 1213 635 1255 dant
672 1215 1057 1264 intermittentibus,
1100 1215 1237 1255 remit-

125 1281 330 1330 tentibuS,
373 1284 600 1335 pituitofis,
633 1284 804 1338 putridis
831 1284 1014 1338 aliisque.
1075 1283 1144 1325 Sic
1170 1283 1238 1324 da-

127 1361 189 1391 tur
217 1349 341 1391 febris
369 1353 593 1394 verminosa
617 1339 750 1404 dicta,
793 1365 842 1394 ex
879 1353 959 1395 hoc
1001 1354 1116 1395 causa
1155 1351 1240 1392 sola

126 1419 323 1468 oriunda,
364 1421 584 1464 infantibus
624 1425 748 1479 magis
784 1436 902 1477 quam
943 1423 1089 1464 adultis
1123 1422 1242 1463 fami-

126 1488 263 1538 liaris,
309 1503 491 1545 quaeque
532 1492 624 1533 tolli
664 1494 831 1548 nequit,
873 1494 945 1535 nifi
985 1505 1141 1534 vermes
1174 1490 1239 1533 vel

127 1560 204 1600 fint
228 1560 378 1612 expulfi
394 1591 407 1610 ,
437 1561 502 1602 vel
515 1564 672 1604 “nestati.

188 1629 264 1669 Ad
294 1626 480 1684 systema
520 1630 864 1687 respiratorium.
923 1631 1142 1673 Pulmones
1180 1633 1241 1672 in-

126 1697 281 1738 terdum
318 1700 577 1742 vehementer
613 1703 863 1751 afficiuntur,
919 1702 1129 1756 respiratio
1168 1701 1242 1742 ali-

126 1767 288 1822 quando
315 1768 359 1808 fit
385 1772 527 1820 anxia,
571 1771 787 1824 aliquando
827 1774 988 1826 prorsus
1028 1773 1242 1827 supprimi·

128 1847 219 1886 tur,
250 1851 375 1891 porro
405 1840 516 1880 tusfis
542 1841 673 1890 sicca,
705 1841 868 1896 loquela
896 1842 1090 1891 tremula,
1135 1843 1240 1896 peri-

126 1910 371 1961 pneumonia
394 1911 519 1951 notha
545 1922 585 1951 et
620 1923 738 1960 vera,
783 1911 979 1966 pleuritiS.
1053 1911 1242 1967 Larynge

126 1976 269 2018 affecta
279 2008 297 2032 7
339 1978 579 2031 producitur
616 1983 786 2036 angina,
843 1977 973 2023 etex
1019 1984 1242 2024 irritatione

92 2104 95 2105 γ
127 2047 266 2096 tusfis‚
297 2051 529 2102 vespertino
557 2060 739 2104 tempore
768 2050 1038 2102 observanda,
1083 2053 1241 2093 tandem

126 2127 200 2169 per
227 2118 461 2161 consensum
487 2121 679 2177 fingultus
707 2134 747 2165 et
782 2123 926 2178 spasmi
964 2122 1239 2166 musculorum

125 2195 319 2238 pectoris.

1170 2257 1246 2303 Ad
