1519 2729
593 195 618 249 <
669 177 758 250 '127
817 193 843 247 >

152 331 379 374 Nieuho
397 333 526 382 ffii,
555 332 608 373 V.
638 333 706 374 Cl.
737 329 818 387 (1.)
840 331 915 372 rite
930 330 1263 385 perceperimus,

149 403 242 453 ille,
273 417 349 456 pro
380 402 446 444 sua
468 402 784 457 philosophandi
811 403 968 454 ratione
985 431 997 449 ,
1043 401 1261 441 acerrimus

149 473 354 514 causarum
383 472 560 513 finalium
589 484 848 527 oppugnator
875 485 959 514 non
987 470 1154 512 existere
1180 484 1264 519 nou

145 546 296 598 potuit.
385 542 453 584 De
496 543 645 584 finibus
685 545 810 598 igitur
854 541 1020 582 scribit:
1066 553 1138 582 eos
1178 542 1264 583 esse

143 614 338 663 humana
361 613 597 669 figmenta,
643 614 910 666 hominesque
953 613 995 652 in
1033 613 1082 653 iis
1122 613 1264 666 imagi-

142 686 349 726 nationem
388 698 465 739 pro
504 684 712 726 intellectu
752 683 969 736 accepisse.
1001 680 1082 736 (2)
1154 681 1263 724 Nam

141 754 226 797 Dei
267 756 326 798 sui
374 757 750 810 cogitationem¹et
803 753 1052 794 voluntatem
1100 752 1259 794 easdem

140 826 252 876 esse,
297 837 338 866 et
378 839 470 868 cum
523 827 685 866 actione
716 823 944 865 necessario
983 823 1254 871 coniunctas,

138 895 272 946 dixit3
321 893 402 949 (3)
447 895 697 936 voluntatem
736 906 868 935 autem
909 892 992 935 Dei
1035 892 1102 946 (et
1144 893 1256 935 fimul

138 965 264 1020 igitur
307 965 604 1019 cogitationem
638 975 679 1016 et
717 959 951 1015 actionem)
995 962 1255 1004 necessariam

138 1035 331 1083 vocavit,
362 1046 445 1075 non
462 1046 559 1075 vero
586 1033 780 1083 liberam,
812 1029 894 1086 (4)
911 1031 1025 1073 Deus
1041 1034 1172 1083 enim,
1203 1047 1254 1074 ex

134 1106 226 1145 eius
249 1105 442 1145 sententia
459 1134 472 1154 ,
501 1103 657 1157 optima
672 1104 864 1157 quaevis,
892 1115 943 1144 ex
970 1114 1133 1144 naturae
1162 1104 1254 1144 suae

133 1173 369 1215 necessitate
396 1172 657 1224 invincibili,
694 1173 905 1228 cogitare,
952 1173 1087 1222 velle,
1132 1186 1253 1229 agere

133 1244 290 1285 debuit.
319 1241 399 1298 (5)
484 1243 665 1298 Ideoque
694 1243 811 1286 nullo
849 1243 931 1285 alio
985 1244 1138 1294 modo,
1183 1257 1252 1284 ne-

132 1326 213 1369 que
228 1314 311 1355 alio
341 1314 481 1354 ordine
500 1343 513 1363 ‚
544 1326 568 1354 a
593 1313 691 1355 Deo
722 1314 896 1368 produci
923 1325 986 1354 res
1000 1325 1251 1368 potuerunt,

131 1396 180 1425 ac
206 1383 431 1438 productae
462 1383 564 1424 funt.
597 1383 678 1437 (6)

129 1485 134 1488 ψ
187 1454 325 1496 Deum
354 1455 466 1496 suum
485 1454 510 1494 S
528 1454 623 1507 pin
642 1456 733 1497 osa
763 1454 939 1497 liberum
966 1454 1099 1503 dixit,
1122 1445 1250 1507 'qu-Ip-

128 1537 182 1578 pe
221 1525 332 1566 nulla
375 1535 538 1566 externa
577 1524 693 1564 causa
735 1535 955 1573 coactum,
999 1537 1075 1565 nec
1117 1536 1246 1566 tamen

128 1607 205 1649 pro
233 1595 363 1636 libera
388 1594 597 1635 voluntate
632 1606 817 1650 agentem
835 1625 849 1644 ,
881 1604 948 1634 aut
976 1593 1245 1647 spontaneita-

130 1677 195 1713 te,
227 1678 330 1718 quae
359 1665 526 1706 barbare
562 1665 740 1713 dicitur,
772 1664 1043 1718 gaudentem,
1089 1664 1157 1705 sed
1186 1665 1246 1703 In-

128 1744 244 1773 terno
273 1734 347 1774 isto
387 1734 574 1776 coactum
605 1736 840 1788 principio,
885 1746 1018 1786 neque
1056 1735 1245 1786 omnipo-

129 1805 250 1844 tentia
273 1803 338 1844 sua
363 1816 546 1846 utentem
563 1835 576 1856 ,
607 1805 679 1846 nifi
709 1815 904 1859 quatenus
935 1805 980 1846 fit
1009 1803 1244 1851 instrumcne

1156 1885 1241 1915 tum

170 1949 234 1996 (1)
258 1959 283 1985 t.
305 1961 336 1986 a.
356 1962 390 1995 p.
412 1952 459 1987 bl.
486 1963 525 1997 17
541 1962 623 1995 -31.

168 2006 233 2053 (2)
258 2011 374 2054 Spin
390 2011 491 2052 osa,
523 2010 674 2050 Eadm,
714 2011 789 2044 Pars
814 2009 841 2043 Ι.
876 2008 976 2044 Prob.
1015 2008 1069 2051 36.
1098 2007 1242 2053 Append.

121 2077 155 2109 p.
180 2067 235 2109 36.
564 2078 567 2081 ·

164 2122 230 2168 (3)
257 2123 346 2157 Idem
362 2148 373 2164 ,
397 2124 419 2157 l.
444 2133 474 2158 c.
500 2124 537 2157 P.
561 2125 603 2158 II.
628 2125 727 2168 Pnop.
750 2135 807 2169 49.
868 2158 871 2161 .

164 2178 229 2225 (4)
254 2179 343 2214 Idem
360 2205 370 2220 ‚
396 2180 417 2214 1.
442 2189 473 2215 e.
500 2181 537 2216 P.
561 2181 588 2216 I.
612 2181 712 2225 Prop.
737 2192 791 2223 32.
815 2188 849 2214 ct
875 2182 975 2224 Prop.
1001 2188 1052 2224 17.

165 2234 230 2280 (5)
254 2236 346 2271 Idem
362 2262 372 2277 ,
397 2239 420 2272 l.
445 2248 475 2272 c.
501 2239 536 2274 P.
561 2239 589 2272 Ι.
615 2238 714 2282 Prop.
737 2247 792 2279 32.
880 2253 883 2257 ·

164 2291 228 2337 (6)
255 2292 346 2328 Idem
361 2319 373 2335 ,
397 2296 420 2329 l.
444 2305 476 2329 c.
501 2296 538 2329 P.
563 2295 606 2330 ΙΙ.
633 2295 730 2338 Prop.
755 2305 786 2338 7.
