1519 2729
672 152 921 228 (2⁶)

279 287 461 331 ,Mosem
491 291 724 344 igitur-non
756 290 925 345 quadam
968 289 1169 344 speciosae
1211 287 1367 344 gloriae

237 372 458 425 cupiditate
487 373 694 414 incensum
724 373 903 415 fraudem
934 374 1005 415 fibi
1033 372 1203 425 aliisque
1244 370 1366 412 fecis-

237 453 276 494 se
293 485 307 504 ‚
338 454 406 495 sed
431 456 538 510 justa
567 455 691 496 divini
723 457 896 498 mandati
927 456 1109 515 quamvis
1137 454 1250 496 ardui
1265 465 1366 495 con-

237 536 402 578 scientia
431 537 646 592 impulsum
677 539 799 580 fuisse
829 550 1170 593 permotumque‚
1214 547 1259 577 ut
1291 548 1367 589 op-

237 621 464 672 pressorum
509 621 767 675 popularium
811 621 1033 671 liberator,
1078 631 1289 673 novaeque
1325 629 1368 659 et

237 703 415 743 civitatis
444 715 484 744 et
512 703 722 758 religionis
752 703 854 745 adeo
885 704 1077 745 conditor
1106 702 1231 751 esset,
1261 699 1369 742 haud

240 783 456 826 difficulter
499 799 573 826 vos
615 785 914 834 assendemini,
958 786 1107 839 quibus
1136 784 1276 824 eadem
1306 794 1369 828 est

239 880 286 908 ac
318 869 418 908 mihi
449 868 497 909 de
528 868 691 909 coelesti
722 869 840 923 hujus
871 868 1080 923 religionis
1106 868 1261 922 origine
1276 878 1369 920 per-

235 949 374 992 suafio.
433 950 565 993 Pauca
595 951 711 995 dese
743 951 827 1004 ipse
856 950 1135 1004 praesumebat
1163 951 1247 1001 vir,
1280 961 1368 990 om-

234 1034 277 1073 ni
322 1034 484 1087 quidem
529 1033 831 1089 Aegyptiorum
887 1034 1080 1087 sapientia
1136 1031 1368 1081 institutus,

235 1115 304 1156 sed
344 1116 578 1157 Abrahamo
622 1116 816 1171 generosa
856 1116 1038 1157 excelsae
1081 1117 1228 1156 mentis
1274 1126 1368 1155 mo·

236 1197 357 1238 destia
387 1199 494 1239 haud
520 1198 751 1247 dissimilis,
794 1212 841 1239 ac
873 1198 1004 1238 nobili
1046 1197 1368 1238 patriarcharum

236 1281 491 1334 simplicitate
533 1280 749 1334 spectatus.
839 1279 921 1342 Hic
966 1293 1066 1321 vero
1109 1281 1168 1321 uti
1209 1279 1367 1320 nullum

235 1362 434 1404 honorem
478 1363 723 1417 quaerebat,
768 1363 838 1403 nisi
881 1364 951 1417 qui
995 1376 1089 1404 cum
1125 1362 1368 1404 sanctissima

234 1445 360 1487 divini
391 1447 562 1486 ministri
591 1446 761 1500 persona
791 1446 1056 1495 conveniret,
1087 1446 1141 1487 fic
1170 1447 1292 1486 etiam
1316 1434 1393 1486 ad*

234 1528 607 1582 praestantissimum
638 1540 678 1570 et
708 1543 802 1570 cum
833 1530 999 1583 puriore
1029 1529 1228 1583 religione
1266 1540 1365 1569 con-

230 1611 416 1665 junctum
448 1612 617 1654 honoris
645 1612 846 1662 studium,
878 1624 1072 1666 quantum
1103 1612 1227 1653 ferret
1263 1622 1365 1652 tem-

233 1708 382 1748 porum
425 1695 717 1749 hominumque
764 1695 933 1749 cap'tus,
978 1695 1200 1749 perducere
1232 1693 1366 1734 voluit

235 1775 461 1819 Hebraeos.
535 1777 661 1819 Erant
704 1779 744 1819 hi
786 1779 883 1819 dura
925 1778 1130 1834 longaque
1175 1776 1366 1818 servitute

235 1860 441 1902 humiliter
468 1861 588 1903 fracti
617 1874 658 1902 et
687 1861 910 1903 debilitati:
942 1873 981 1902 at
1012 1860 1211 1921 quaedam·
1232 1871 1365 1900 tamen

234 1943 286 1983 iis
335 1945 600 1985 remanserant
658 1946 868 1986 erectioris
924 1945 1046 1985 animi
1091 1942 1363 1992 scintillulae,

236 2039 334 2078 quas
353 2026 545 2076 latentes,
576 2041 652 2080 pro
682 2028 818 2068 divina
847 2027 1060 2081 prudentia
1091 2027 1180 2075 sua,
1212 2026 1366 2066 excita·

236 2120 327 2159 ret,
358 2109 543 2160 foveret,
574 2112 756 2151 nutriret.
815 2110 1082 2164 Religionem
1125 2121 1225 2164 ergo
1255 2108 1366 2149 dedit

238 2191 288 2235 ad
318 2192 499 2246 ipsorum
530 2195 734 2249 ingenium
767 2205 857 2236 toto
888 2192 960 2235 suo
1006 2192 1146 2234 habitu
1190 2191 1365 2247 splendi-

1075 2278 1078 2281 ’
1312 2273 1366 2314 do
