1519 2729
735 173 959 228 (88)

332 309 397 354 Ne
439 324 536 352 vero
579 310 669 363 quis
711 311 765 352 ita
819 311 952 353 secum
996 310 1224 359 existimet,
1276 307 1392 362 quass'

271 378 349 433 jain
383 389 511 420 tantos
532 378 578 419 ‘in
610 378 720 419 cultu
760 380 898 420 divino
941 379 1172 433 progressus
1212 377 1384 418 fecerint

270 448 437 502 Judaei,
481 460 526 490 ut
570 448 763 500 peculiari
804 450 1048 490 institutione
1091 448 1223 488 divina
1265 445 1385 487 facile

269 529 488 563 carerent„
527 516 795 559 Accesserunt
824 521 1050 560 etiamnunc
1068 517 1277 572 Haggaei,
1309 515 1386 555 Za-

273 587 431 628 chariae
462 598 501 626 et
531 585 759 627 Malachiae
806 591 957 630 monita
996 602 1042 629 ac
1087 587 1301 633 vaticinia,
1346 594 1387 623 et

273 657 574 710 prudentisfima
593 656 722 697 Ezrae
749 670 795 699 ac
824 657 1046 698 Nehemiae
1076 655 1240 698 consilia
1266 664 1387 706 atque

271 726 475 775 instituta,
520 738 622 779 quae
662 725 861 779 populum
899 724 1058 765 meliori
1090 724 1138 764 de
1178 724 1298 764 rebus
1329 721 1388 762 di-·

271 797 374 836 vinis
412 797 648 850 cognitione
687 796 912 836 imbuerent
955 806 994 834 et
1030 793 1238 849 religionis
1275 805 1388 833 amo-

271 879 354 906 rem
403 867 530 920 magis
580 867 786 920 magisque
844 865 1136 905 increscentem
1198 873 1390 917 augerent

229 953 236 961 r
272 948 516 990 magnopere
548 933 645 989 (a).
705 934 852 988 Neque
886 936 1005 974 etiam
1044 934 1218 987 Judaeos
1249 933 1389 985 primis

269 1005 502 1046 instauratae
536 1005 785 1057 reipublicae
823 1003 1073 1057 temporibus
1117 1002 1387 1042 idololatriam

270 1075 389 1129 plane
414 1075 511 1115 odio
539 1074 745 1122 habuisse,
772 1086 821 1116 ex
849 1073 977 1113 Ezrae
1007 1071 1284 1113 etNehemiae
1300 1083 1388 1111 ora-

272 1145 452 1185 tionibus
508 1143 558 1183 ad
613 1143 814 1196 populum
856 1143 1003 1183 habitis
1052 1140 1209 1181 abunde
1262 1150 1388 1193 patet.

271 1213 436 1254 Etenim
479 1225 560 1253 non
584 1223 737 1254 tantum
776 1212 958 1266 plebeji‚
1003 1223 1141 1250 verum
1169 1210 1288 1250 etiam
1319 1208 1389 1249 Sa-

271 1284 458 1324 cerdotes
482 1296 528 1324 ac
560 1282 730 1323 Levitae
767 1282 873 1324 haud
909 1282 1027 1334 pauci
1055 1280 1247 1321 duxerant
1287 1292 1390 1320 uxo-

269 1366 358 1402 res,
396 1366 418 1392 e
447 1351 636 1407 gentibus
666 1352 845 1393 finitimis
874 1352 1062 1392 oriundas
1090 1362 1130 1391 et
1156 1350 1390 1405 peregrino-

268 1436 357 1464 rum
401 1420 588 1462 Deorum
633 1420 758 1462 cultui
799 1422 1025 1460 etiamnunc
1062 1420 1242 1469 deditas;
1288 1430 1390 1472 quae

270 1493 453 1545 quamvis
477 1492 642 1531 maritos
671 1503 753 1531 non
783 1491 832 1531 ad
859 1490 1129 1531 idololatriam
1160 1489 1391 1542 pellicuisse

271 1563 501 1611 videantur,
539 1573 726 1616 magnum
764 1572 895 1601 tamen
931 1560 1149 1601 duumviris
1179 1559 1260 1599 illis
1285 1559 1391 1614 ¹inji-

271 1633 434 1674 ciebant
478 1633 694 1681 timorem,
738 1642 789 1670 ne
833 1630 1048 1683 aliquando
1103 1629 1307 1670 blanditiis
1349 1639 1391 1669 et

271 1704 382 1742 omni
409 1701 689 1743 illecebrarum
720 1700 853 1753 specie
882 1699 1080 1754 populum
1115 1692 1269 1750 laqueis
1311 1699 1390 1740 suis

271 1774 484 1813 irretirent.
552 1770 712 1812 Horum
747 1783 844 1812 vero
884 1772 1063 1811 virorum
1093 1769 1388 1810 admonitiones

278 1853 423 1883 tantam
462 1842 544 1896 jam
584 1843 624 1881 in
675 1840 873 1894 populum
910 1842 991 1880 vim
1034 1839 1286 1888 habuerunt,
1344 1850 1389 1879 ut

275 1911 469 1952 foeminas
524 1922 708 1952 externas
768 1910 1067 1964 repudiaverit,
1131 1909 1274 1950 etad
1330 1909 1387 1949 se-

273 1983 481 2022 veritatem
532 1993 659 2036 usque
705 1980 836 2037 legem
889 1979 1114 2021 Mosaicam
1157 1979 1387 2020 vindicave-

1333 2061 1387 2091 rit

316 2184 380 2232 (a)
403 2186 502 2221 Conf.
520 2165 735 2230 Muntinghe,
759 2189 781 2223 1.
799 2188 820 2223 1.
838 2188 936 2223 Tom.
963 2185 1055 2223 VIII.
1075 2195 1110 2229 p.
1135 2194 1195 2229 152
1208 2205 1221 2212 —
1235 2192 1307 2229 177.
