1519 2729
566 120 786 180 (55)

163 284 200 312 2.
232 267 317 323 Qui
359 252 789 321 priussargumentum
843 260 944 302 tueri
991 247 1226 312 nequeunt,

106 338 322 381 secundum
351 334 562 390 proferunt
591 346 717 387 aeque
760 330 916 374 falsum.
995 328 1082 384 Qui
1122 330 1231 368 enim

107 412 148 452 in
189 420 365 461 corpore
406 406 583 447 humano
637 403 870 444 deferuntur
928 412 1114 450 vermeS,
1172 397 1229 439 ci-

109 492 154 520 to
193 479 417 519 moriuntur
473 473 539 514 vel
593 472 729 515 calore
781 472 896 521 loci,
940 469 1006 511 vel
1060 481 1236 523 organo-

108 562 196 591 rum
237 549 278 589 vi
317 547 537 600 digerente.
626 541 972 596 Metamorphosis
1009 551 1136 593 porro
1161 539 1236 597 xin·
1272 588 1273 592 Ἰ

110 617 227 659 sectis
271 627 422 657 tantum
468 614 699 668 contingit,
744 620 877 666 neque
905 610 987 651 ulla
1013 620 1074 649 est
1102 607 1238 649 obser-

110 689 219 728 vatio
247 687 323 728 fide
346 687 465 741 digna
481 715 493 733 ,
525 696 626 737 quae
658 685 760 725 hanc
785 684 826 723 in
848 682 1052 734 >Entozoi's
1074 679 1241 720 demon-

111 758 234 807 strctz,
281 757 371 797 dein
413 755 438 796 fi
496 755 635 795 locum
679 753 876 801 haberet,
936 750 1240 790 Bremsero

113 839 251 876 certe,
308 827 423 881 cujus
477 825 548 867 sub
604 824 795 877 auspiciis
842 833 1003 875 50,000
1030 840 1031 843 =
1056 816 1242 858 animalia

111 898 307 940 Entozoii
347 896 576 937 inveniendi
605 894 683 936 fine
715 894 884 934 dissecta
928 891 1043 940 sunt,
1087 899 1244 928 vermes

113 968 210 1009 illos
238 969 353 1007 vivos
383 967 445 1008 vel
476 978 566 1007 ante
591 978 736 1012 corum
765 964 1030 1004 mutationem
1057 971 1125 1001 aut
1141 958 1245 1006 hane

116 1037 271 1093 ipsam,
314 1037 377 1079 vel
423 1027 543 1078 semel
581 1036 747 1090 quidem
794 1034 1004 1075 observare
1035 1029 1249 1083 reontigisf

119 1107 190 1149 set.

119 1221 122 1224 .
181 1191 219 1233 3.
264 1177 444 1218 Tandem
488 1177 538 1218 ad
576 1178 739 1218 tertium
783 1183 1063 1230 argumentum
1101 1167 1247 1210 confu-

121 1250 266 1304 giunt,
299 1249 368 1300 qui
393 1248 529 1300 priora
551 1246 714 1295 defendi
729 1258 812 1286 non
841 1243 961 1298 posse
988 1240 1252 1297 perspiciunn

125 1319 260 1360 Ovuia
300 1330 433 1359 autem
474 1330 546 1370 per
586 1318 720 1362 aerem
763 1326 806 1356 et
830 1325 980 1368 aquam,
1000 1311 1135 1366 vagari
1164 1308 1254 1350 nu1÷

124 1390 163 1431 la
189 1387 468 1430 observatione
497 1387 680 1437 constat3
712 1399 843 1440 neque
859 1382 1122 1438 intelligitur,
1153 1391 1257 1433 quo-

124 1460 252 1502 modo
281 1462 437 1513 integra
466 1459 507 1498 in
537 1470 688 1511 corpus
713 1470 786 1510 per
805 1455 994 1501 alimenta
1014 1452 1172 1506 posfint
1197 1451 1260 1489 in-

74 1571 77 1573 .
122 1531 238 1586 gredi
257 1562 269 1580 ‚
300 1529 364 1569 vel
395 1528 608 1581 quomodo
640 1529 679 1568 in
709 1524 978 1579 abditasvejus
1007 1533 1141 1577 partes
1166 1532 1259 1574 per-

129 1603 265 1643 venire
294 1610 471 1653 queant,
516 1609 638 1650 atque
666 1598 796 1638 rursus
825 1609 874 1637 ex
917 1597 966 1635 iis
1005 1591 1174 1648 egredi,
1216 1600 1263 1631 ut

130 1686 223 1714 cum
251 1671 340 1712 aliis
369 1668 614 1721 corporibus
642 1667 720 1708 sese
747 1665 1066 1708 communicent.
1126 1661 1262 1710 Acce-

131 1743 190 1784 dit
223 1741 336 1796 quod
379 1739 504 1780 multa
533 1738 730 1779 Entozoc'l
760 1749 843 1778 non
873 1736 1039 1788 ovipara
1065 1732 1133 1775 sed
1160 1731 1265 1773 vivi·

129 1826 228 1868 para
258 1812 344 1852 fint.

130 1920 133 1924 .
193 1882 245 1924 ΙΙ.
276 1878 470 1923 Entozoa·
500 1891 672 1922 connata
700 1878 801 1919 sunt.

193 1949 289 1991 Hoc
314 1951 503 2003 assertum
534 1949 740 2001 sequentia
770 1946 942 2000 probare
970 1942 1181 1992 videntur:

201 2035 234 2062 1.
266 2019 460 2061 Entozoc'i
501 2030 612 2068 extra
655 2015 840 2067 animalia
859 2027 942 2056 non
972 2014 1239 2067 reperiuntur.

200 2105 237 2132 2.
270 2090 313 2132 Iu
340 2090 455 2130 foetu
485 2102 616 2145 nuper
641 2100 736 2130 nato
765 2085 830 2128 vel
860 2087 902 2126 in
923 2085 1057 2127 lucem
1089 2082 1269 2125 nondum

142 2149 266 2203 edito
285 2171 519 2202 occurrunt.

1238 2233 1275 2275 3.
