1519 2729
601 168 658 223 -(
716 135 853 222 55)

189 307 324 356 νίῑίἰε,
368 306 452 361 ejus
492 304 706 346 methodus
742 300 924 344 maximis
952 295 1138 340 laudibus
1179 305 1241 336 est
1267 295 1327 337 ef·

190 377 384 427 ferenda,
430 377 583 429 quippe
623 387 726 429 quae
768 371 1062 426 incognitarum
1100 365 1328 420 plantarum

189 444 363 496 analyfi,
407 434 742 499 cognitarumque
784 441 952 483 meliore
995 437 1212 478 structurae
1253 434 1328 475 ob·

190 514 412 555 servatione
432 545 445 563 ‚
487 527 562 555 nos
591 514 753 556 forsitan
783 511 943 553 tandem
969 508 1090 549 ducet
1129 504 1180 546 ad
1215 516 1329 545 veras

189 583 475 637 vegetabilium
504 584 712 625 affinitates
740 578 1070 637 perspiciendam,
1101 575 1213 630 quod
1240 575 1328 617 nul-

190 651 227 692 la
252 651 328 692 alia
355 653 509 693 ratione
538 655 681 709 attingi
715 652 833 707 posse
869 650 1040 692 videtur.

248 716 504 775 Quamquam
535 724 658 777 igitur
682 723 705 778 J
723 736 780 765 us
797 722 819 764 s
827 724 839 762 i
860 734 881 761 e
897 734 923 762 v
938 733 959 760 e
976 731 1031 760 ae
1061 714 1243 759 methodi
1267 715 1326 756 vi-

193 792 246 831 tia
274 803 355 831 non
385 791 661 834 dissimulanda
685 793 796 841 sunt,
828 793 868 831 in
892 803 978 831 eam
1007 799 1139 829 tamen
1165 786 1328 827 obtrec-

192 862 332 902 tatoris
384 874 514 913 partes
568 876 683 917 agere
741 863 904 903 minime
958 859 1088 900 decet.
1172 856 1329 896 Contra

145 930 150 932 ’
191 930 365 971 summus
392 930 460 971 hic
490 933 551 972 vir
579 934 767 987 egregiae
798 929 982 975 methodi
1025 927 1196 968 eximius
1228 936 1327 964 con-

192 1000 300 1041 ditor
319 1000 565 1041 venerandus
607 1013 667 1041 est
695 1002 895 1054 ipsiusque
923 998 1105 1050 vestigiis
1147 995 1326 1034 insisten-

193 1069 286 1110 dum
316 1071 419 1118 erit,
452 1071 476 1111 fi
508 1071 707 1111 naturales
734 1068 958 1122 plantarum
1001 1065 1208 1106 affinitates
1245 1076 1327 1108 ma«

191 1140 253 1195 gis
280 1140 485 1194 magisque
513 1138 746 1193 perspicere
773 1137 1035 1180 voluerimus.

643 1280 668 1333 ς
700 1277 855 1320 XLHl.

248 1419 372 1460 Anno
423 1431 529 1474 ¹790
556 1430 707 1458 novum
735 1417 906 1468 systema
937 1415 1088 1455 editum
1115 1422 1176 1452 est
1200 1408 1280 1464 (ι)
1305 1422 1328 1452 a

193 1487 408 1546 Natali
451 1488 710 1542 Josepho
761 1486 1019 1533 N'eeker,
1075 1484 1174 1537 qui,
1223 1494 1329 1522 anno

199 1570 305 1611 1730
330 1569 469 1608 natus,
498 1559 579 1612 jam
604 1558 723 1597 variis
755 1557 950 1610 operibus
973 1553 1212 1595 inclaruerat
1231 1551 1326 1605 (α).

195 1625 326 1680 Hujus
354 1628 533 1669 methodi
566 1628 723 1668 theoria
751 1627 868 1680 plane
898 1624 1030 1666 differt
1053 1623 1102 1664 ab
1130 1621 1199 1662 illa
1224 1622 1329 1677 Jus-

195 1696 372 1747 sievi,
404 1712 521 1752 quam
548 1711 630 1738 non
668 1697 827 1739 novisse
858 1697 1030 1738 videtur.
1090 1694 1328 1736 Praesertim

194 1778 245 1807 ex
286 1778 336 1806 eo
371 1767 662 1819 derivatavcsm
708 1768 819 1821 quod
845 1779 1011 1816 natura,
1043 1766 1103 1807 uti
1134 1765 1328 1818 opinaba-

1265 1844 1329 1874 tur

239 1910 302 1956 (1)
335 1913 499 1949 Elementa
535 1916 694 1950 Botanica
710 1939 720 1956 ,
756 1922 789 1949 et
821 1914 1055 1959 Phytozoiilogie
1077 1910 1330 1956 Philosophique‚

195 1970 306 2003 Neun.
341 1980 435 2013 1790.

240 2023 302 2070 (2)
327 2027 435 2061 Traia<
459 2027 518 2070 fia·
544 2030 577 2062 la
604 2030 816 2073 Mycitologie,
856 2028 982 2061 Manui.
1016 2029 1111 2070 1783.
1143 2023 1330 2069 Plzffiologia

194 2081 372 2116 affinem-um
388 2108 397 2122 ‚
437 2084 549 2118 Manli.
577 2095 673 2130 1774.
705 2086 845 2120 Deliciae
871 2084 1141 2126 Gallo-Belgicae
1166 2082 1330 2125 Sylvestres

153 2179 155 2182 .
190 2138 431 2181 seutmctasus
458 2144 615 2184 generalis
650 2144 845 2178 Plantarum
879 2141 1227 2185 Gallo-Belgicarmu‚
1264 2139 1327 2172 Ar-

195 2204 326 2237 gentor.
357 2197 452 2240 1568.
