1519 2729
666 134 947 240 ⁶(88)

277 321 345 363 sed
386 332 426 363 et
458 321 509 371 235
545 321 689 364 melius
718 322 803 363 esse
834 321 1147 380 inexpugnabile
1189 323 1402 367 constitue-

237 445 240 448 *
273 403 337 433 tet
357 393 690 447 impedimentum
723 390 818 448 (1).

755 533 780 586 §
812 521 886 574 ΠΙ.

624 669 1033 726 Animadversiones.

326 806 534 860 Deducit,
564 811 623 851 uti
648 811 822 852 vidimus
841 842 855 861 ‚
883 809 914 852 Ρ
931 825 955 852 u
971 811 1023 852 fc
1039 810 1103 852 nd
1118 823 1143 853 0
1159 824 1178 852 r
1193 811 1237 852 fi
1254 824 1278 852 u
1296 823 1313 852 s
1343 809 1402 852 Ie-

267 890 362 933 gem
399 879 618 921 naturalem
663 894 686 921 a
725 881 882 922 summo
925 881 1133 930 Numine,
1174 882 1294 937 quod⁴
1325 893 1402 921 nos

268 959 346 1001 pro
371 948 565 1004 dignitate
582 979 595 1000 ‚
625 964 704 1004 qua
730 964 825 1005 prae
849 952 977 992 brutis
1006 952 1236 1001 cernimur,
1272 949 1402 991 socia·

268 1019 372 1060 biles
400 1020 484 1061 esse
502 1020 633 1074 jubet.
663 1034 699 1042 ·-
727 1020 869 1062 Media
897 1023 1019 1076 igitur
1046 1022 1181 1062 omnia
1209 1033 1311 1074 quae
1351 1018 1403 1060 ad

268 1089 378 1130 hunc
408 1090 530 1130 finem
561 1089 743 1140 ducunt,
775 1092 895 1132 etiam
909 1092 959 1132 ab
975 1091 1121 1132 eodem
1155 1089 1230 1130 illo
1258 1089 1316 1130 D.
1344 1088 1400 1129 O.

265 1156 334 1200 M.
362 1159 483 1200 nobis
511 1159 802 1214 injunguntur,
832 1162 897 1202 vel
923 1163 1236 1215 permittuntur,
1267 1171 1308 1200 et
1338 1171 1426 1201 re-.

265 1229 457 1270 movendi
507 1230 796 1283 impedimenta
847 1231 1019 1274 facultas
1059 1231 1313 1287 conceditur.
1356 1245 1403 1255 -

264 1295 516 1352 perspicitur
540 1312 673 1341 autem
703 1301 796 1342 inde
812 1331 826 1350 ‚
855 1304 991 1342 omnia
1020 1314 1121 1353 quae
1145 1302 1187 1341 in
1205 1300 1299 1354 Jure
1332 1310 1402 1340 na-

266 1368 383 1410 turali
413 1370 744 1422 praecipiuntur3
787 1371 959 1412 Ethices
1000 1372 1196 1426 quandam
1237 1369 1402 1411 induere

266 1437 456 1492 speciem.
532 1439 563 1479 P
581 1453 605 1480 u
622 1440 714 1480 fen
731 1440 925 1482 dorfiu
943 1455 960 1481 s
995 1442 1129 1493 itaqua
1157 1451 1262 1492 opus
1289 1439 1402 1480 suum

240 1509 427 1554 ¹minus,
459 1521 541 1549 non
570 1510 768 1562 inscripsit
805 1510 855 1550 de
895 1508 1020 1564 officio
1063 1505 1103 1550 c't
1143 1508 1402 1563 obligatione

266 1576 446 1620 hominis
472 1591 513 1620 ct
538 1580 668 1630 civis,
712 1580 779 1621 sed
807 1580 1041 1634 {impliciter
1067 1581 1107 1619 in
1139 1581 1274 1633 operis
1306 1581 1402 1619 titu-

264 1657 311 1688 to
325 1646 446 1702 officii
463 1652 642 1690 occurrit
659 1652 825 1690 mentio.
887 1649 1036 1703 Agitur
1054 1650 1094 1689 in
1118 1662 1170 1690 co
1186 1649 1235 1689 de
1263 1649 1401 1690 officio

263 1716 415 1758 civium
437 1731 531 1772 erga
558 1731 738 1760 rectores
763 1721 937 1760 civitatis
953 1750 966 1768 ‚
997 1732 1093 1774 erga
1117 1731 1242 1760 totam
1259 1720 1399 1760 civita-

264 1798 374 1837 tem,
405 1800 446 1829 ct
475 1801 568 1844 erga
596 1791 788 1830 concives
806 1819 818 1838 ‚
850 1802 952 1842 quae
987 1791 1121 1829 omnia
1147 1791 1313 1843 proprie
1339 1789 1399 1830 di-

262 1860 390 1900 cenda
433 1859 569 1901 forent
605 1859 896 1915 obligationes.
929 1871 972 1882 ··
1001 1859 1131 1915 Igitur
1159 1858 1261 1901 illud
1286 1859 1400 1914 quod

1322 1943 1399 1972 nos

306 2043 370 2089 (1)
394 2044 447 2079 De
464 2045 500 2082 J.
518 2045 565 2080 Ν.
581 2053 615 2079 et
639 2047 679 2080 G.
700 2046 760 2080 111.
780 2055 816 2079 c.
843 2056 877 2089 4.
899 2046 922 2090 §›
944 2057 975 2080 2.
1036 2046 1194 2079 Breviter
1219 2044 1302 2078 haec
1336 2053 1397 2077 ex-

263 2100 370 2142 posuit
394 2102 425 2135 11
441 2112 462 2135 o
477 2111 494 2134 e
511 2112 533 2145 p
547 2101 595 2134 fu
612 2112 630 2134 e
647 2111 662 2134 r
678 2127 687 2141 ‚
713 2102 743 2134 in
767 2111 871 2143 opere
895 2102 964 2144 ejus
986 2100 1066 2137 Juri
1084 2102 1169 2136 Nat.
1187 2100 1320 2143 adjecto
1341 2109 1396 2143 cui

263 2157 399 2191 titulus:
424 2160 559 2192 [farum
574 2158 648 2200 ffiyd
667 2160 716 2191 die
738 2157 1056 2203 Illenfiv'zenpflichsen
1080 2159 1233 2192 antweder
1253 2158 1395 2191 vollkom—

261 2224 347 2249 mne
365 2214 439 2247 oder
459 2215 718 2248 unvollkommene
739 2224 800 2250 etc.
823 2215 984 2252 Abhandl.
1010 2216 1036 2250 Ι.
1054 2226 1088 2259 p.
1107 2226 1142 2259 5.
