1519 2729
684 152 907 228 <⁷643

244 311 453 355 Remediis
482 312 608 352 datis·
631 309 688 371 ad'
720 310 830 352 illam
875 311 1152 364 expellendam
1195 312 1365 367 septimo

243 383 308 424 die
344 395 468 423 totam
500 381 669 421 taeniam
708 381 847 422 emifit.
937 382 1116 422 Mutavit
1148 383 1277 423 rursus
1306 384 1366 424 vi-

243 453 362 493 vendi
393 452 586 500 modum,
628 462 758 503 neque
788 463 929 505 postea
953 453 1157 494 vermibus
1188 452 1280 494 ullis
1310 453 1367 494 la-

242 520 445 563 boravit.’'
625 522 631 526 “

300 592 507 633 Vermium
547 592 799 646 generationi
835 591 967 632 favere
995 603 1200 644 praeterea
1228 591 1368 632 viden-

242 674 306 703 tur
358 661 530 702 farinosa
579 660 726 708 cruda,
771 661 965 714 pinguia,
1010 660 1188 708 austeram
1234 662 1369 701 omnia

240 745 344 786 quae
385 731 544 773 difficile
574 731 839 784 subiguntur,
882 742 1018 777 carnes
1049 729 1213 780 santae,
1253 731 1367 771 fumo

240 801 470 850 induratae,
501 801 634 854 pisces
663 800 865 847 indurati,
897 798 1021 839 solani
1050 799 1215 848 tubera,
1247 802 1368 853 quip-

239 884 292 925 pe
318 884 419 925 quae
446 870 631 910 intestina
658 869 870 910 debilitant
896 880 935 909 et
961 868 1210 923 glutinosum
1249 870 1368 922 spon-

241 953 400 986 taneum
435 950 639 995 generant.
699 937 808 980 Hinc
846 951 1065 1002 pauperth
1109 939 1247 993 proles
1284 940 1367 981 fere

239 1012 396 1064 semper
422 1009 627 1067 vermibus
655 1009 846 1050 obnoxia.

298 1081 515 1122 Vermibus
558 1080 687 1120 amica
740 1092 904 1133 quoque
960 1078 1170 1132 potulenta
1219 1079 1368 1133 aquosa

239 1153 369 1197 calida
386 1183 399 1202 ‚
430 1164 572 1206 magna
597 1152 717 1204 copia
744 1151 904 1198 hausta,
936 1151 1135 1190 intestinis
1162 1151 1270 1190 enim
1299 1150 1367 1190 de-

242 1225 372 1264 bitum
401 1224 584 1277 vigorem
615 1221 793 1262 demunt.
867 1220 1025 1261 Horum
1056 1219 1142 1260 usui
1173 1232 1250 1274 pro
1276 1231 1366 1270 par-

238 1305 278 1335 te
304 1293 556 1346 frequentem
585 1291 919 1331 verminationem
953 1289 1178 1331 incolarum
1222 1289 1366 1329 Zelan-

237 1364 326 1405 diae
367 1362 507 1403 tribuit
546 1372 645 1401 van
688 1350 791 1412 den
834 1359 1022 1401 Bosch
1048 1357 1127 1412 (1)
1158 1358 1363 1400 scribens:

236 1459 266 1483 „
295 1430 489 1471 Pessimus
529 1429 690 1482 insuper
728 1429 895 1470 invaluit
936 1442 1052 1475 mos,
1099 1439 1142 1469 ut
1169 1427 1272 1469 cibis
1297 1429 1366 1469 vix
1407 1459 1410 1462 ⁴

236 1499 444 1554 deglutitis
492 1498 620 1540 calida
669 1499 840 1551 potione
885 1497 1000 1537 theae
1038 1509 1133 1537 mox
1173 1497 1366 1538 inundent

236 1570 433 1620 assumta,
475 1581 553 1622 qua
599 1569 748 1609 etiamsi
803 1565 1076 1621 putrescibilis
1115 1567 1365 1634 ingestorum

236 1639 392 1680 indoles
451 1638 643 1690 supprimi
691 1636 810 1689 posse
851 1635 1058 1684 videatur,
1111 1637 1192 1676 vim
1234 1648 1364 1686 tamen

234 1706 450 1749 ventriculi
482 1708 706 1748 coctricem
745 1718 785 1746 et
822 1707 1103 1746 intestinorum
1134 1706 1174 1744 in
1209 1707 1364 1760 ingesta

234 1778 352 1820 valde
392 1777 631 1827 debilitant,
664 1775 881 1830 »bilemque
923 1786 1139 1821 enervant..
1202 1774 1363 1830 seseque

233 1850 283 1892 ad
311 1848 642 1889 verminationem
671 1846 890 1901 valdopere
917 1859 1035 1898 aptos
1063 1844 1277 1886 reddunt.'.’

291 1918 408 1960 Casei
450 1916 541 1958 usus
583 1917 755 1969 denique
798 1917 955 1957 videtui·
998 1916 1046 1956 ad
1072 1915 1359 1968 producendos

234 2001 389 2031 vermes
414 1988 568 2042 aliquid
596 1987 758 2037 valere,
803 1986 983 2040 quamvis
1012 1985 1092 2027 hoc
1131 1985 1179 2027 de
1220 1987 1362 2040 pingui

1251 2084 1254 2088 .
1293 2068 1360 2097 ca-

281 2206 581 2254 (1)Va11den
618 2208 808 2250 Bosch,
833 2208 854 2243 1.
879 2208 900 2242 1.
921 2217 956 2252 p.
979 2218 1034 2243 22.
