1519 2729
595 147 622 202 (
679 141 820 205 7⁵)

137 290 340 331 actionem
375 287 747 336 vehementiorem,
793 297 873 339 qua
915 279 1086 337 vapores
1126 278 1269 324 celeri-

138 371 224 408 ter,
267 359 411 412 majori
452 358 675 412 quantitate
716 356 929 405 oriunturz,
983 353 1272 406 evaporatione

138 441 235 470 vero
288 427 400 469 illam
452 440 648 480 vaporum
686 426 967 474 emisfionem,
1010 435 1112 477 quae
1161 421 1273 462 lente

138 498 340 552 procedit.
421 497 465 538 Si
498 508 631 538 autem
674 495 1047 537 hac'distinctione
1086 493 1273 546 insignire

140 567 310 610 velimus
349 566 466 607 aliam
495 567 668 608 actionis
696 565 988 613 differentiam,
1034 562 1169 617 quoad
1210 562 1272 614 ip-

141 637 221 679 sam
256 648 467 687 naturam,
498 636 595 678 falsa
622 647 711 686 estz,
742 646 911 688 utraque
937 631 1044 673 'enim
1074 626 1185 672 actio
1208 643 1274 671 ea-

142 707 233 748 dem
261 706 438 746 ostendit
465 705 770 759 phaenomena,
813 704 988 746 efficacia
1023 713 1175 742 tantum
1215 700 1275 745 di-

142 775 280 826 versa,
312 775 491 830 ejusdem
514 787 679 816 naturae
706 775 938 829 producunt
963 785 1149 828 vaporeS.

201 845 268 887 De
310 845 418 895 illis,
464 858 566 898 quae
595 846 644 886 de
670 846 890 899 vaporibus
920 845 1020 885 dicit
1050 840 1277 885 veficulari-

144 917 246 965 bus,
298 927 463 970 agemus
513 916 540 956 fi
591 916 787 957 theoriam
834 926 1048 955 tractamus
1093 911 1162 953 Cl.
1213 911 1278 952 de

145 985 438 1026 Saussure

203 1053 277 1095 ΙΙΙ.
309 1053 451 1105 Dum,
483 1066 582 1108 quas
611 1053 744 1096 statuit
769 1052 929 1095 Hube
947 1083 960 1103 ‚
990 1065 1116 1107 aquae
1141 1053 1182 1093 in
1211 1053 1280 1094 ai}-

121 1136 188 1172 ‚re
217 1124 524 1174 dissolutiones,
570 1137 678 1165 mere
706 1124 789 1166 esse
827 1124 1145 1178 hypotheticas,
1190 1124 1280 1165 uni·

146 1195 295 1248 cuique
322 1193 444 1235 facile
473 1195 642 1248 patebit.
703 1194 822 1237 Dicit
850 1195 956 1235 enim
984 1195 1068 1248 ipse
1095 1194 1169 1235 Vir
1184 1192 1280 1243 CL,

145 1266 317 1318 primam
343 1265 517 1318 speciem
560 1266 599 1305 in
639 1264 804 1306 alteram
841 1267 1012 1315 mutari5
1055 1267 1080 1308 fi
1115 1265 1283 1307 affinitas

146 1333 403 1376 dissolventis
432 1335 534 1376 a'e’ris
561 1335 824 1386 diminuitur,
868 1347 910 1377 et
936 1337 1138 1386 vicisfim3
1175 1334 1283 1376 unde

145 1416 259 1459 patet
289 1404 359 1446 has
382 1406 564 1445 actiones
593 1416 745 1446 tantum
775 1406 949 1447 efficacia
982 1405 1155 1447 differre.
1216 1404 1285 1446 Ex

144 1475 211 1517 his
253 1476 374 1516 etiam
415 1474 537 1516 facile
574 1474 842 1531 intelligitur,
885 1476 1096 1530 quomodo
1130 1477 1282 1529 prima,

149 1558 191 1587 et
231 1558 315 1587 non
353 1545 477 1586 altera
515 1545 698 1599 species,
744 1547 846 1587 aeris
895 1545 1176 1587 elasticitatem
1215 1557 1285 1585 au-

151 1627 272 1671 geat3
319 1628 411 1657 cum
452 1618 580 1669 prima
630 1616 707 1671 (ex
751 1616 819 1658 Cl.
861 1614 1023 1657 Hube
1065 1611 1285 1665 sententia)

150 1688 450 1743 evaporationis
473 1688 626 1740 species
654 1687 810 1729 locum'⁴
823 1687 998 1736 habeat,
1039 1688 1065 1729 fi
1094 1688 1196 1727 aeris
1224 1687 1286 1725 vis

152 1756 374 1798 dissolvens
403 1770 544 1812 magna
566 1769 655 1806 est,
702 1758 743 1798 id
769 1769 831 1798 est
867 1769 1049 1812 magnam
1089 1768 1286 1809 vaporum

153 1827 417 1879 quantitatem
444 1826 574 1867 adhuc
605 1828 816 1868 continere
839 1838 1004 1880 potest,
1035 1824 1288 1878 necesseigi-

154 1909 219 1937 tur
246 1909 334 1947 est,
377 1908 421 1937 ut
452 1896 526 1937 hac
554 1910 751 1950 vaporum
779 1898 1001 1951 quantitate
1030 1894 1189 1944 addita,
1227 1894 1289 1933 vis

153 1966 319 2007 clastica
361 1966 476 2007 valde
518 1979 739 2022 augeaturt,
784 1966 901 2006 aliter
944 1978 1005 2006 res
1044 1964 1123 2005 sese
1167 1963 1291 2003 habet-

155 2050 248 2078 cum
279 2037 450 2078 secunda
479 2037 640 2090 specie,
672 2028 764 2079 eum
796 2038 863 2077 aer
891 2046 1016 2076 totam
1045 2034 1130 2075 fere
1165 2045 1289 2086 quan-

156 2108 311 2148 titatem
352 2109 563 2156 continet,
609 2119 728 2160 quam
761 2107 968 2148 continere
997 2115 1162 2159 potest,
1208 2104 1289 2144 hoc

156 2178 262 2218 enim
303 2178 344 2218 in
400 2177 492 2220 casu
538 2177 756 2220 elasticitas
801 2178 939 2232 augeri
979 2176 1148 2230 nequit,
1197 2187 1290 2215 cum

1190 2256 1291 2286 con-
