1519 2729
598 100 830 172 (7¹)

243 279 1172 335 CAPUTSECUNDUM

202 479 478 523 mJuchTlo
509 474 877 510 PRAECEDENTIUM
908 468 1211 504 THEOMARUM.
1274 475 1278 478 '

285 629 1151 678 W

650 791 760 847 §x

139 967 411 1025 Dijudicatio
442 966 480 1009 T
477 966 726 1009 heoriarum
757 966 839 1008 cll.
870 964 939 1009 LE
969 963 1099 1015 Rex,
1141 959 1277 1004 Mou-

136 1070 140 1072 ἡ
499 1052 553 1080 GE
586 1046 627 1078 et
657 1034 793 1079 Han
826 1033 923 1091 (ι).

138 1167 269 1253 Has
307 1211 509 1260 theoriam,
541 1222 634 1251 cum
664 1211 831 1264 proprie
869 1207 1050 1264 ejusdem
1072 1205 1279 1247 Theoriae

138 1281 463 1330 modificationes
496 1281 598 1330 sint,
629 1293 708 1322 una
735 1280 810 1322 hac
839 1277 1096 1335 paragrapho
1124 1289 1202 1331 pro
1217 1275 1277 1317 vi-

137 1351 248 1392 ribus
276 1350 544 1405 investigabo.
1295 1348 1299 1352 ’

196 1419 350 1461 Omnes
388 1421 460 1462 hae
493 1421 674 1461 theoriae
709 1432 761 1461 eo
786 1419 954 1460 tendunt
979 1429 1025 1459 ut
1052 1415 1278 1472 probetur,

72 1499 81 1508 ··
137 1502 280 1542 aquam
320 1503 455 1533 veram
486 1492 526 1531 in
556 1492 647 1532 aere
675 1491 758 1544 pati
789 1488 1126 1536 dissolutionem,
1155 1498 1277 1539 quam

137 1560 311 1613 probare
346 1560 583 1602 studuerunt
615 1560 681 1601 vel
710 1573 761 1602 ex
790 1559 977 1614 analogia
1007 1571 1100 1599 curn
1136 1556 1277 1596 salium

139 1629 404 1671 dissolutione
422 1631 530 1682 ‚·vel
559 1644 609 1672 ex
639 1631 727 1671 aliis
755 1629 1055 1685 experimentis.
1095 1627 1277 1668 Primum

139 1701 320 1750 omnium
350 1713 679 1755 argumentorum
705 1701 853 1755 quibus
879 1700 984 1741 hanc
1006 1698 1181 1752 probare
1198 1697 1275 1737 stu-

140 1771 308 1812 duerunt
335 1772 667 1820 dissolutionem,
699 1770 803 1811 illud
828 1782 909 1820 est,
940 1769 1053 1824 quod
1068 1770 1136 1810 aer
1150 1779 1277 1820 vapo-

138 1841 250 1882 ribus
265 1843 422 1894 aquofis
438 1855 518 1884 non
544 1842 674 1883 minus
687 1840 917 1895 pellucidus
933 1839 1132 1890 redditur,
1163 1836 1277 1892 quod

139 1911 337 1953 indicium
379 1912 463 1952 esse
495 1911 744 1953 contendunt
775 1909 1092 1952 combinationis
1123 1908 1278 1948 chemi-

139 1994 225 2023 cac.
286 1980 428 2035 Aquae
458 1993 592 2022 autem
623 1993 795 2034 vapores
840 1981 911 2034 ipfi
940 1978 1137 2033 pellucidi
1164 1978 1277 2028 sunt,

1157 2060 1277 2103 quam

185 2149 249 2196 (1)
275 2150 351 2187 Vid.
380 2151 475 2195 hujus
500 2152 821 2195 Commentationis,
846 2152 886 2198 §§
918 2161 931 2186 1
951 2174 964 2194 ,
991 2161 1015 2195 4
1037 2158 1071 2185 et
1093 2158 1128 2197 5.
