1519 2729
664 153 754 223 gy(
811 153 950 214 20.)

264 289 313 334 Y.
342 290 571 342 Dentata,
602 288 655 332 T.-
678 290 898 342 Armaza,
931 293 977 336 T.
1007 294 1204 344 Umana,
1235 291 1282 336 T.
1310 292 1393 340 Asa

255 363 447 417 pinata,
490 360 538 402 T.
580 361 786 403 articulos
820 363 1068 413 demittens,
1110 362 1157 404 T.
1194 363 1394 409 Secunda,

260 431 463 479 ,Mater-i,
496 429 542 471 T.
571 432 691 486 longe
706 431 992 488 Articulum,
1025 432 1070 475 T.
1103 434 1248 476 osculis
1275 445 1392 479 mare

256 501 479 556 ginalibus
494 497 741 555 solitariis,
771 500 1026 545 Lumhrt'cus
1054 501 1221 553 Latus,
1252 501 1392 556 Haly÷

253 570 312 626 fis
353 570 542 620 Solium,
586 583 714 612 nostr.
744 570 1092 625 Kettingworm‚‘
1128 572 1259 631 Gallis
1283 571 1390 617 Solis

256 641 405 691 taire,
448 640 583 683 Tenia
620 640 649 682 ὰ
692 653 896 682 annectux
926 641 1070 694 longs,
1116 638 1251 682 Tenia
1279 637 1389 694 sans

257 711 379 765 epine
393 741 405 760 ‚
452 710 666 754 Germanis
695 704 1005 763 einmz‘ae'ndiger
1021 733 1037 741 -
1051 708 1391 766 langgliedriclz-

254 788 325 829 ter
350 778 631 821 Bandwurm.

315 848 482 891 Habitat
522 851 562 890 in
603 850 802 890 intestinis
844 850 1055 901 omnibus,
1100 851 1298 903 imprimis
1330 861 1392 891 te-

252 921 402 962 nuibus
419 950 431 969 ‚
463 930 503 960 et
530 919 636 960 haud
661 932 752 960 raro
778 918 1026 966 stomachum
1057 921 1176 967 intrat
1203 918 1227 972 (
1237 917 1298 970 1).

311 988 463 1030 Differt
492 1001 514 1029 a
540 987 674 1041 specie
711 990 839 1042 priori
869 990 1096 1042 imprimis,
1138 988 1250 1041 quod
1292 990 1386 1030 arti-

254 1059 338 1108 culi
367 1059 441 1100 fint
482 1057 718 1113 longiores,
763 1071 803 1099 et
845 1061 1088 1100 ttansverfim
1125 1058 1275 1109 striati,
1321 1070 1386 1101 ute

251 1140 430 1180 cumque
452 1139 583 1168 autem
598 1129 638 1168 in
652 1140 736 1169 uno
762 1128 992 1180 eodemque
1013 1140 1149 1168 verme
1173 1130 1384 1174 variantes,
1443 1130 1445 1133 ’

249 1199 441 1254 Vulgaris
470 1197 686 1253 longitudo
713 1209 774 1238 est
802 1211 823 1238 a
853 1211 878 1249 4
904 1198 952 1238 ad
993 1212 1046 1241 20
1080 1198 1234 1252 pedes,
1281 1211 1386 1239 non-

248 1280 451 1321 nunquam
489 1280 588 1308 vero
625 1267 847 1322 longisfimi
879 1266 968 1308 sunt
1010 1268 1244 1321 deprehensi
1287 1266 1383 1323 (α).

247 1335 445 1379 Latitudo
481 1349 503 1378 a
538 1349 571 1392 >3
588 1329 836 1388 ·’6*lineas,
881 1338 1100 1380 crassitudo
1135 1350 1255 1393 quam
1301 1352 1385 1386 ma-¹

470 1418 473 1419 ⁷
1320 1420 1382 1448 xi-

292 1516 358 1562 (ι)
394 1520 469 1554 Hoc
497 1529 605 1554 autem
628 1529 726 1564 negat
752 1520 845 1557 doct.
873 1519 1076 1560 Coulet,'
1105 1518 1268 1560 statuens,
1301 1517 1382 1553 illud

201 1597 204 1600 ⁴
246 1576 360 1609 animal
401 1578 432 1610 in
462 1575 573 1610 ctasfis
611 1578 690 1610 oriri
726 1577 910 1614 intestinis,
951 1585 985 1609 et
1023 1574 1068 1608 fic
1092 1575 1165 1608 fieri
1194 1585 1258 1609 non
1286 1579 1380 1618 posse

249 1633 403 1675 opimam,
439 1624 476 1666 ut
507 1643 570 1677 per
598 1635 757 1668 valvulam
782 1633 868 1666 inter
894 1632 993 1664 ileum
1021 1639 1055 1664 et
1080 1641 1218 1665 caecum
1253 1633 1382 1666 intesti-

247 1699 324 1723 num
357 1687 518 1732 politam,
554 1691 690 1724 transire
724 1689 848 1734 possit,
882 1687 972 1730 quod
1000 1696 1141 1720 attamen
1166 1688 1248 1721 Viro
1278 1689 1380 1723 Doct.

246 1753 314 1780 non
353 1744 486 1786 damus,
522 1747 614 1788 prior
645 1746 805 1780 sententia
837 1754 913 1778 cum
937 1754 1017 1779 vera
1048 1755 1113 1779 uon
1147 1743 1197 1778 fit.
1242 1746 1310 1782 Dev
1330 1746 1380 1779 his

246 1809 386 1844 postea,
409 1802 500 1835 conf.
529 1802 599 1845 ejus
619 1804 641 1838 1.
671 1813 701 1839 c.
724 1813 797 1847 pag.
825 1803 880 1844 65.

293 1854 355 1902 (2)
380 1858 433 1891 sic
454 1859 527 1891 Gm
540 1860 686 1893 elinus
701 1885 712 1901 ,
748 1862 782 1892 in
810 1856 1015 1901 Systhemasis
1043 1856 1071 1889 L
1088 1857 1096 1888 i
1112 1867 1131 1890 n
1147 1866 1165 1889 n
1180 1867 1197 1889 a
1214 1857 1257 1890 ei
1303 1858 1378 1892 Na-

244 1921 367 1953 turae,
399 1915 515 1954 Tom„
536 1916 559 1949 Ι.
593 1923 677 1957 part.
700 1915 734 1949 6.
760 1924 832 1958 pag.
861 1915 973 1956 3065,
1012 1912 1274 1947 observationem
1307 1923 1378 1946 me-

247 1980 352 2004 morat
366 1982 431 2005 200
452 1972 615 2004 vermium
643 1972 760 2006 horum
781 1972 812 2004 in
833 1981 900 2004 uno
920 1969 1109 2011 eodemque
1130 1969 1262 2003 homine
1276 1971 1377 2007 semel

247 2026 405 2070 simulque
429 2029 636 2061 inventorum
652 2053 662 2068 ‚
687 2027 889 2070 longitudme
918 2036 935 2060 a
959 2036 977 2069 3
996 2047 1008 2052 -
1024 2027 1068 2063 60
1094 2026 1217 2070 pedum
1232 2051 1243 2067 ,
1267 2026 1377 2072 quod,

244 2083 294 2116 uti
317 2093 378 2125 per
399 2083 431 2116 se
456 2093 568 2126 patet,
591 2085 685 2117 nimis
713 2093 845 2118 auctum
875 2092 950 2124 est3
987 2092 1058 2115 nam
1087 2083 1269 2124 plurimos,
1307 2092 1377 2116 tan-

245 2132 340 2182 qudm
379 2149 510 2173 vermes
548 2141 694 2182 integros
736 2149 970 2183 enumeratos,
1009 2147 1120 2186 partes
1151 2139 1376 2176 tantummodo

242 2195 365 2237 fuisse,
387 2196 559 2240 probabile
587 2197 765 2235 statuerim.
