1519 2729
548 106 769 165 (71)

104 251 219 301 sunt,
250 249 451 293 vermibus
477 248 639 299 vexari;
670 246 811 289 deinde
848 246 1030 288 homines
1069 242 1221 288 debsses

102 324 228 377 magis
257 333 375 375 quam
402 317 586 366 robusti,
619 320 687 371 qui
715 318 874 371 quidem
905 315 1058 357 debiles
1100 316 1221 356 inter-

101 389 195 429 dum
240 390 429 443 majorem
478 388 661 440 ingerunt
702 388 886 428 ciborum
933 385 1222 439 quantitatem,

101 472 220 511 quam
249 470 349 511 quae
378 456 428 497 ad
468 457 729 497 nutritionem
770 458 954 509 corporis
997 455 1221 508 praeparari

101 538 269 581 potest,
302 527 367 567 sed
397 526 490 566 ideo
518 527 812 580 vegetationem
841 538 921 564 non
939 524 1042 564 subit
1069 522 1222 576 reliqua

101 610 223 650 pars,
255 598 293 636 in
311 597 508 636 intestinis
539 596 733 645 haerens,
765 595 901 647 inopia
917 597 1021 634 enim
1038 593 1222 633 laborant

103 678 143 706 et
180 665 438 706 ventriculus·
468 676 507 705 et
535 666 751 714 intestina3
794 664 950 705 robusti
982 674 1112 703 tamen
1141 673 1221 702 non

97 736 300 776 vermibus
331 735 594 776 destituuntur
624 746 761 775 omnes
786 730 880 787 (1).

154 805 323 846 Causam
366 817 463 844 vero
500 805 726 857 proximam
762 804 802 842 in
838 815 889 842 eo
931 800 1014 842 esse
1052 800 1219 854 pofit‘am

97 873 363 922 crediderim,
395 872 500 926 apud
530 874 714 920 homines
743 873 934 927 majorem
963 872 1070 912 muci
1098 881 1221 923 quan-

97 945 251 984 titatem
302 942 492 996 separari,
531 957 661 996 quam
695 956 772 996 qua
812 941 862 982 ad
896 940 1141 995 obtegendas
1179 950 1221 980 et

97 1010 348 1051 lubricandas
378 1024 537 1065 partes,
571 1025 673 1065 opus
702 1023 789 1060 est,
831 1010 946 1051 illum
983 1023 1080 1050 vero
1119 1009 1218 1064 stag-

95 1082 257 1121 natione
287 1082 456 1135 aliisque
491 1084 615 1125 caulis
653 1080 956 1123 debilitantibus
997 1079 1138 1120 mutari
1179 1079 1220 1118 in

98 1153 342 1193 tenaciorem
369 1154 553 1205 pituitam
570 1183 583 1202 ‚
614 1151 863 1194 animalculis
888 1150 1070 1204 plurimis
1102 1149 1220 1188 mini-

97 1222 171 1260 mis
210 1222 453 1272 scatentem,
498 1222 626 1277 qualis
670 1235 809 1263 mucus
851 1234 873 1261 a
905 1218 1220 1261 verminantibus

96 1290 315 1344 plurimum
346 1305 418 1345 per
445 1292 578 1334 alvum
604 1294 844 1334 excernitur.
903 1289 1016 1331 Haec
1057 1287 1220 1330 animal—

96 1359 190 1400 cula
217 1373 265 1401 ex
295 1374 432 1402 mutua
458 1362 747 1404 molecularum
778 1361 1054 1418 organicarum
1075 1369 1219 1400 attrac-

97 1430 207 1471 tione
239 1441 352 1480 orta‚
383 1420 575 1482 forfitan,
607 1443 729 1486 prout
758 1432 863 1484 apud
901 1430 1091 1471 infusoria
1131 1428 1218 1469 fieri

95 1498 224 1547 solet,
282 1502 508 1552 primariam
552 1503 749 1556 originem
807 1502 945 1541 fistunt
972 1498 1218 1548 vermibus,

94 1579 162 1608 aut
200 1580 272 1621 per
295 1568 359 1617 se,
406 1581 473 1609 aut
501 1572 802 1611 combinatione
830 1570 1116 1610 nonnullorum
1158 1570 1218 1608 in-

95 1649 155 1678 ter
185 1636 223 1677 se
254 1639 426 1678 invicem
445 1669 457 1688 ‚
489 1640 776 1681 accedentibus
808 1638 963 1689 succis,
1005 1639 1217 1680 nutritioni

93 1707 256 1749 illorum
287 1709 447 1763 egregie
480 1708 678 1749 destinatis
701 1722 741 1750 et
766 1709 1012 1750 necessariis.

91 1808 95 1812 «
151 1777 240 1819 Hac
267 1779 420 1818 ratione
465 1777 597 1819 facilis
641 1779 739 1820 mihi
773 1778 929 1820 videtur
965 1777 1214 1831 explicatio,

94 1860 173 1901 qua
202 1847 352 1887 diversa
379 1859 618 1901 generentur
647 1848 833 1890 Entozoii
860 1850 899 1888 in
926 1846 1085 1889 divcrfis
1127 1860 1217 1887 cor-

94 1918 204 1970 poris
234 1917 429 1970 partibus.
489 1918 683 1959 Materies
709 1921 813 1959 enim
844 1917 911 1958 illa
936 1919 975 1958 in
1001 1922 1133 1958 'tractu
1156 1919 1216 1956 in-

96 1985 270 2027 testinali
307 2000 388 2027 non
433 1987 590 2038 solum,
636 2000 771 2029 verum
808 1989 958 2042 ubique
993 1987 1218 2028 extenditur

1174 2066 1213 2095 et

140 2130 532 2176 (1)Vid.ssrera,1.
561 2144 591 2167 c.
614 2145 647 2177 p.
675 2144 729 2177 49.
