1519 2729
551 166 773 227 (71)

47 311 49 313 ’
103 309 180 350 bus
207 320 303 350 vero
330 308 505 362 praemia
531 306 697 349 reddere
727 305 899 348 maxima
924 303 1045 346 etiam
1059 312 1215 346 aeterna

105 379 364 421 validisfimus
393 375 488 433 (1).

578 531 580 533 ·
599 517 625 571 5
653 510 728 558 IV.

456 653 869 710 Animadverfiones.

169 805 203 838 t.
235 796 300 838 Ex
317 798 365 837 iis
382 809 483 850 quae
499 795 692 837 hactenus
709 796 924 838 secundum
941 794 1061 849 ipfius
1092 792 1225 835 Gru-⁵

105 868 176 907 tii
207 866 439 907 sententiam
469 867 786 920 disputavimus„
811 876 978 920 apparet
991 877 1080 906 eum
1104 877 1224 905 accua

104 939 264 992 ratejus
287 938 337 978 ab
355 923 517 986 officio,
550 924 797 981 dintin'xisse,
828 956 872 964 -
902 933 1015 989 Quid
1040 935 1147 975 enim
1178 932 1225 973 fit

90 1008 173 1062 ‘jus
217 1006 319 1046 illud
346 1006 502 1054 laxius,
533 1012 616 1046 no'n
641 1007 813 1058 amplius
841 1017 901 1048 est
927 1003 1039 1058 quod
1066 1003 1225 1044 dubite-

105 1089 208 1118 mus.
231 1093 275 1107 ε-
300 1075 551 1117 Assentimur
565 1077 671 1116 enim
689 1076 728 1116 S.
761 1075 821 1118 de
850 1077 888 1118 C
906 1089 931 1116 ο
946 1089 968 1116 c
986 1086 1008 1114 c
1024 1085 1046 1113 e
1060 1074 1099 1113 ii
1116 1069 1195 1125 (α)
1210 1084 1227 1123 ‚·

105 1146 289 1187 statuenti
314 1147 379 1201 jus
405 1145 506 1186 illud
535 1145 618 1185 esse
647 1145 900 1187 referendum
929 1144 979 1186 ad
1019 1141 1227 1184 Ethicam.

43 1213 47 1219 ’
104 1214 256 1256 Probat
285 1215 366 1256 hoc
395 1214 624 1256 doct-isfima
651 1217 954 1268 comparatione
982 1213 1226 1255 Grotianum

106 1285 301 1339 placitum
332 1287 436 1326 inter
463 1296 505 1325 et
532 1298 582 1326 ex
610 1287 847 1340 antiquitate
884 1283 1226 1339 philosophorum

0 1380 77 1409 s
105 1355 302 1397 summum
331 1356 498 1396 bonum

195 1424 294 1465 .Et
316 1426 416 1477 juris
443 1424 568 1465 stricti
596 1422 694 1466 dicti
726 1432 766 1466 et
803 1423 967 1467 laxioris
993 1424 1241 1466 fundamen-'

110 1507 194 1537 tum
218 1508 269 1537 ex
295 1495 378 1549 ipsa
420 1495 596 1536 humana
627 1507 766 1537 natura
794 1497 912 1549 petiit
958 1494 1226 1552 Grotius,

109 1578 161 1608 ex
177 1568 224 1607 iis
239 1576 385 1619 nempe
401 1566 645 1620 principiis,
676 1578 778 1619 quae
803 1568 844 1606 in
873 1553 1038 1607 homme
1065 1563 1226 1612 insunt,

112 1635 315 1677 societatis
343 1635 580 1690 tranquillae
607 1634 801 1678 defideiio
827 1648 868 1677 et
895 1647 1005 1677 recta
1030 1635 1199 1674 ratione.

173 1717 211 1758 3.
241 1704 445 1746 Notiones
485 1717 615 1746 tamen
654 1707 862 1759 utriusque
887 1705 987 1760 juris
1017 1702 1232 1758 diligenter

114 1774 323 1824 distinxit,
347 1787 388 1816 et
415 1775 525 1828 quod
553 1775 602 1816 ad
628 1775 813 1826 fontem,
858 1785 900 1816 et
926 1773 1038 1830 quod
1068 1773 1119 1815 ad
1155 1771 1231 1813 ob-

111 1844 294 1899 iectum,
324 1857 365 1886 et
394 1845 505 1901 quod
532 1844 582 1886 ad
610 1844 811 1888 effectum.

1098 1925 1140 1967 4.
1171 1909 1232 1954 U-

114 2028 177 2062 sam
209 2028 351 2070 habent,
374 2037 412 2062 ut
435 2029 491 2071 qui
511 2029 665 2073 peccavit
691 2029 810 2064 melior
832 2029 912 2072 fiat,
944 2028 1064 2065 etiamsi
1083 2028 1173 2064 forte
1200 2026 1234 2062 id

115 2087 252 2121 aliorum
281 2096 345 2120 non
369 2084 504 2120 interfit.
1189 2097 1192 2100 ⁴

158 2141 223 2188 (1)
244 2144 332 2178 Prol.
356 2153 410 2178 11.

159 2197 582 2245 (2)C‚occeii,1.1.
610 2212 700 2239 c.-2.
729 2204 747 2246 ἓ
779 2213 804 2239 1·
