1519 2729
563 170 589 224 (
653 181 730 225 107
784 168 814 224 .)

119 316 238 357 quam
261 315 337 345 nos
377 305 579 356 dicimUS,
619 307 844 349 habuerunt
887 307 948 351 illi
991 311 1122 353 officia
1148 316 1237 366 per-

116 373 237 415 fecta.
312 372 406 416 Hoc
448 375 548 418 loco
578 376 626 417 de
667 377 749 419 illis
788 381 905 433 agere
962 382 1240 425 constituimtis

115 442 183 483 Pe
198 456 215 484 s
231 454 247 483 t
262 455 284 482 e
300 443 371 484 l1i
396 444 558 497 placitis
579 477 592 499 ,
624 461 727 503 quae
753 449 804 490 ad
828 461 1014 523 nostrum
1031 464 1240 507 argumen-

114 523 199 554 tum
227 515 444 567 pertinent.
1214 534 1219 538 ·

634 657 720 712 §L

131 796 134 798 '
163 790 389 836 PEerm
407 791 616 850 suprema
644 797 748 849 lex;
788 797 926 855 officia
958 802 1056 844 inde
1089 805 1175 847 ori·
1208 804 1212 836 ἲ

475 866 594 908 unda
615 866 831 924 perfecta.

159 998 346 1042 Summus
418 1002 450 1043 P
467 1016 488 1044 e
506 1017 523 1044 s
542 1004 720 1047 telius
784 1011 1030 1065 principium
1086 1016 1229 1070 agend-i

98 1070 294 1123 praebere
322 1072 424 1114 dixit
454 1074 721 1127 felicitatem,
745 1092 847 1132 quae
874 1083 948 1134 ipfi
977 1082 1119 1124 audit.
1155 1085 1230 1126 sta-

100 1152 164 1180 tus
190 1141 365 1182 hominis
389 1145 604 1208 constans,
636 1149 706 1201 qui
735 1160 868 1191 certus
893 1151 977 1192 esse
1003 1165 1142 1206 potest
1177 1155 1229 1197 de

97 1222 293 1265 perpetua
321 1215 489 1266 possess
494 1229 573 1257 one
603 1229 783 1264 verarum
813 1220 1071 1275 voluptatum
1106 1225 1224 1266 dolo-

98 1280 210 1320 ribus
233 1281 339 1324 haud
360 1286 561 1327 evitandis
588 1289 995 1341 praeponderandum
1027 1291 1125 1346 (1)

153 1347 271 1392 Hanc
300 1351 537 1395 felicitatem
564 1367 610 1397 ut
636 1370 800 1412 appetat
814 1360 968 1410 homo,
987 1363 1155 1416 jubetur
1164 1362 1226 1405 -le-

94 1429 146 1471 ge
162 1421 328 1471 morali,
356 1423 584 1466 instinctum
615 1439 778 1470 naturae
791 1431 1126 1488 confirmante<2
1131 1434 1169 1485 ).
1180 1454 1228 1468 —

93 1488 312 1532 Moraliter
356 1494 493 1547 itaque
535 1498 801 1540 necessarium
843 1500 885 1541 id
912 1501 1041 1551 dicit,
1101 1505 1168 1544 cui
1196 1504 1225 1545 fi

94 1560 186 1611 quis
215 1560 369 1615 aliquid
397 1568 646 1608 contrarium
675 1567 874 1623 elegerit,
918 1571 1004 1613 fieri
1030 1585 1113 1614 non
1144 1587 1223 1628 po·

95 1638 202 1677 test,
233 1642 277 1671 ut
303 1631 443 1674 statum
472 1637 673 1693 qpendam
700 1639 970 1693 consequatur
996 1655 1112 1684 verae
1147 1658 1224 1684 vo-

94 1694 258 1749 luptatis
289 1713 531 1756 compotens
563 1705 658 1760 (3).
689 1729 736 1739 —
764 1709 917 1750 Verum
948 1711 1123 1753 officium
1160 1725 1222 1756 est

93 1777 192 1821 crgo
211 1798 223 1817 ,
278 1771 394 1825 cujus
433 1774 590 1827 impleti
649 1777 817 1820 effectus
866 1780 1111 1823 necessarius
1159 1795 1221 1824 est

92 1836 257 1890 adeptio
285 1843 369 1880 veri
408 1841 506 1884 boni
537 1842 632 1898 (4).
662 1869 707 1879 -
739 1848 929 1890 Officium
971 1852 1077 1891 enim
1117 1852 1219 1894 dici-

95 1918 158 1948 tur
188 1921 235 1950 ca
260 1911 396 1962 actio,
423 1914 473 1954 ad
501 1928 624 1970 quam>
645 1917 925 1962 instituendam
945 1920 1009 1963 vel
1026 1922 1218 1963 omitten-

1095 1991 1183 2033 dam
1202 2023 1214 2044 ,

133 2045 197 2091 (ι)
224 2048 242 2092 §
267 2059 323 2082 20.

132 2102 197 2147 (2)
223 2104 240 2147 §
270 2105 342 2139 126.

133 2156 198 2204 (3)
224 2161 240 2202 ἓ
267 2170 344 2203 295·

126 2212 202 2259 (4)
228 2216 246 2259 S
273 2217 290 2259 ἓ
316 2225 391 2260 299-
