1519 2729
558 181 780 241 (75)

737 279 751 296 Ι

99 325 316 366 sententiae
355 321 613 377 acquiescat,
659 322 740 364 hoc
782 333 914 364 tamen
956 324 1120 365 nomine
1156 323 1215 365 fal-i

92 387 204 436 ¹mam
232 394 338 437 haud
362 395 563 435 immerito
605 393 676 434 fibi
717 393 966 445 comparavit
1002 393 1219 434 celeberri-

98 477 219 506 mam.
278 463 406 519 Quod
443 463 605 517 quidem
640 474 691 502 eo
731 464 952 516 procesfit‚
996 474 1041 504 ut
1075 462 1217 512 multi,

97 535 329 589 praesertim
360 535 419 575 ,in
472 533 715 581 Germania,
771 531 882 574 Puf
890 546 950 573 en
967 533 1103 574 dorf
1111 534 1221 574 ium

99 605 220 658 ipfius
250 603 358 658 Juris
384 615 546 648 naturae
575 614 729 657 patrem
758 601 892 644 dicere
920 603 1026 647 haud
1059 602 1217 646 dubita-

101 663 246 716 verint.

107 778 109 780 ,
157 741 251 782 Alia
286 753 416 784 tamen
445 740 613 795 quadam
643 743 798 784 ratione
827 754 930 795 opus
972 740 1084 783 suum
1127 741 1223 782 scri·

100 811 197 853 bere
252 822 312 851 est
363 811 600 866 aggressuS,
647 811 868 865 Grotiique
923 822 1096 851 mentem
1135 821 1222 851 non

100 880 219 934 plane
246 880 403 921 videtur
428 879 614 931 secutus,
647 881 714 922 sed
741 889 792 922 ex
823 880 1025 922 societatis
1057 879 1224 929 officio,

99 963 123 991 a
153 949 321 992 Summo
355 949 537 993 Numine
571 950 854 1003 praescripto,
893 950 1028 991 omnia
1058 949 1248 991 omnino*

101 1019 216 1061 duxit
242 1017 309 1061 vel
338 1019 488 1059 directe
505 1049 517 1068 ‚
549 1018 614 1062 vel
645 1019 829 1072 oblique.

105 1138 108 1139 ⁷
158 1087 272 1129 Haec
300 1098 344 1128 ut
371 1089 535 1129 uberius
561 1078 751 1142 pateant,
793 1100 998 1141 exponere
1027 1099 1109 1142 pro
1133 1090 1230 1130 viri-

102 1159 179 1201 bus
196 1159 399 1210 conabor,
426 1159 643 1213 quomodo
671 1157 1120 1208 Pusendorfius,
1152 1158 1229 1200 So·

103 1229 347 1272 cialistarum
387 1230 580 1283 princeps
623 1226 733 1282 (ι),
787 1228 858 1282 Jus
901 1227 1139 1270 derivaverit
1177 1240 1230 1272 ex

105 1299 175 1341 tali
204 1299 325 1354 lege,
367 1312 516 1355 quam,
555 1299 651 1339 licet
680 1311 730 1340 ex
770 1297 852 1339 Dei
882 1297 1095 1338 voluntate
1137 1310 1232 1351 pro-

104 1369 281 1419 fectam,
313 1368 507 1410 moralem
532 1368 806 1417 diecrelicetz,
838 1366 1055 1411 videndum
1079 1368 1198 1413 etiam
1215 1398 1228 1417 ‚
1280 1373 1289 1379 ‘

105 1437 316 1493 quomodo
331 1467 345 1486 ‚
378 1438 610 1480 divifionem
637 1439 862 1482 officiorum
877 1439 931 1477 ita
945 1437 1231 1490 proposuerit,

106 1520 151 1550 ut
178 1508 269 1549 dein
294 1508 457 1548 uberius
488 1508 645 1549 daretur
670 1509 946 1561 principium,
977 1518 1028 1547 ex
1059 1520 1142 1560 quo
1168 1508 1233 1564 jus

107 1590 149 1622 et
178 1578 353 1624 officium
376 1589 471 1632 apte
498 1578 779 1634 distinguenda
806 1578 890 1623 esse
917 1577 1164 1623 viderentur*

618 1717 708 1774 §1-

185 1851 380 1899 Summae
411 1857 516 1912 legis
546 1857 694 1911 origO,
724 1857 881 1899 notitia
902 1887 916 1908 ‚
947 1853 1147 1913 efficacia-

170 1993 401 2038 Secundum
431 1994 461 2036 P
475 2007 501 2037 u
517 1994 540 2036 f
549 2007 570 2035 e
586 2007 612 2035 n
629 1994 655 2036 d
671 2007 696 2037 o
709 2009 728 2037 r
741 1995 763 2037 f
769 1998 782 2037 i
797 2009 822 2038 u
839 2009 879 2038 m
899 2008 950 2039 ex
966 1996 1093 2038 tribus
1108 1995 1234 2038 fonti·

1163 2066 1240 2107 bus

157 2150 222 2199 (ι)
246 2154 309 2188 Alii
324 2153 436 2189 dicunt
452 2178 461 2196 ,
491 2155 523 2189 G
538 2164 554 2188 r
569 2156 723 2190 otium
751 2155 936 2190 habendum
964 2157 1032 2191 esse
1053 2154 1236 2193 Socialista-

115 2217 186 2247 tum
208 2212 403 2257 principem.
436 2211 468 2246 H
484 2221 502 2247 e
518 2222 537 2247 n
554 2213 653 2249 rici
679 2214 768 2251 Iclee'n
783 2234 795 2255 ‚
820 2213 847 2249 1.
874 2224 910 2259 p.
938 2222 1015 2258 233.
