1519 2729
641 160 868 221 (39)

442 309 496 344 30.
522 300 676 343 L6flingii
705 301 1009 344 caryophyllaceae.

443 366 496 398 31.
521 357 706 392 Plukenetii
734 356 926 394 defloratae.

440 423 496 455 32.
521 415 677 448 Brownei
705 413 900 449 seminudae.

441 479 496 511 33.
521 468 640 503 Halefii
669 479 889 505 amentaceae.

440 535 495 569 34.
519 526 646 559 Milleri
674 527 855 563 coniferae.

439 591 493 625 35.
517 583 651 617 Dillenii
674 583 897 619 muscoideae.

438 640 492 682 36.
515 639 681 674 Battarrae
710 640 920 684 fungoideae.

658 769 682 822 ς
713 768 846 810 XXX.

213 930 223 943 .
250 901 363 946 Hace
391 907 604 948 methodus
621 938 633 957 ,
666 921 767 962 quae
804 921 826 948 a
852 907 1189 960 praecedentibus
1227 907 1319 948 satis

195 973 357 1023 differt,
401 978 649 1030 praecipue,
694 979 752 1019 uti
793 990 843 1017 ex
888 977 971 1030 ipsai
1011 977 1318 1019 clasfificatione

194 1043 331 1084 videre
358 1044 486 1095 licet,
520 1046 738 1088 secundum
777 1048 1066 1101 perigonium‚
1110 1047 1318 1088 staminum

193 1115 505 1156 connectionem
533 1127 652 1169 atque
683 1118 915 1171 germinum
949 1118 1063 1158 {itum
1092 1128 1152 1158 est
1180 1116 1319 1171 dispo-

192 1183 272 1222 fita.
333 1182 453 1224 Licet
480 1185 616 1238 plures
646 1188 853 1227 contineat
882 1187 1054 1229 familias
1091 1185 1316 1236 naturales,

191 1251 338 1292 multae
380 1265 510 1294 tamen
541 1255 716 1297 familiae
743 1257 848 1297 haud
875 1257 996 1298 dubie
1023 1256 1252 1298 artificiales
1274 1258 1316 1297 in

189 1321 234 1360 eei
261 1334 439 1373 restant3
472 1337 535 1365 cx.
564 1337 623 1380 gr.
655 1326 806 1367 familia
819 1327 1201 1381 polycarpiarum‚
1232 1327 1313 1368 ico-

177 1386 468 1442 scmdriarmn
496 1395 692 1448 aliaeque.
751 1396 892 1438 Minus
923 1398 1042 1438 etiam
1081 1395 1160 1437 sese
1198 1409 1313 1438 com-

190 1460 375 1501 mendant
413 1462 608 1514 familiae,
651 1479 672 1506 a
725 1466 972 1521 Scopoli
1014 1463 1315 1522 antisborbuti·

189 1542 290 1579 cae,
322 1530 512 1587 dumosae
532 1547 572 1575 ct
597 1536 826 1578 nomadeae
853 1537 998 1579 dictae.

644 1675 668 1728 ς
699 1674 855 1741 xxxi.

245 1807 311 1848 Dc
357 1807 633 1860 systematibus
679 1813 927 1856 naturalibus
966 1826 1058 1857 ante
1096 1814 1233 1869 Juss
1237 1817 1248 1856 i
1263 1828 1304 1856 c·

187 1890 251 1917 vu
268 1891 332 1927 m,
391 1890 469 1919 tam
535 1880 649 1934 supra
692 1883 923 1932 recensitis,
980 1897 1099 1937 quam
1147 1885 1304 1927 filentio

184 1949 492 1999 praetermissis,
524 1948 638 2002 plura
665 1950 756 1991 addi
784 1952 973 2005 possent,
1019 1953 1086 1995 sed
1122 1956 1161 1995 in
1195 1955 1307 1996 hisce

185 2015 333 2056 diutius
372 2018 515 2057 morari
549 2031 654 2059 vetat
683 2021 946 2063 comideratio
980 2036 1112 2065 earum
1142 2025 1301 2065 metho-

185 2085 327 2126 dorum
366 2088 567 2127 tenuitatis
600 2101 646 2129 ac
676 2090 821 2142 statuS,
865 2093 914 2132 ab
944 2093 1054 2133 omni
1086 2105 1198 2147 parte
1227 2097 1302 2136 im-

184 2155 367 2209 perfecti.
428 2155 511 2197 Eae
537 2169 662 2211 vcro,
695 2174 825 2215 quae,
866 2162 1093 2216 Jussiev
1112 2177 1138 2205 0
1167 2164 1300 2214 duce,
1331 2180 1335 2188 ¹

1207 2246 1304 2288 pro-
