1519 2729
549 174 770 232 (49)

94 323 188 352 cum
217 321 482 352 evomeretur.
543 312 710 355 vermes
737 316 806 364 hic
835 319 972 372 prodit
1003 333 1221 378 postquam

93 380 221 435 longo
262 384 455 434 temporis
494 382 624 434 spatio
655 385 939 431 valetudinaria
970 391 1137 442 fuisset,
1181 407 1221 435 et

94 449 250 503 semper
290 452 339 493 de
378 453 573 507 gravitate
611 457 824 498 ventriculi
857 473 1080 515 conquesta
1124 464 1222 505 fuis-

93 514 195 565 set.‚'’

148 589 214 628 An
256 602 349 631 vera
405 591 527 634 limax
566 594 675 636 esse2
689 598 850 650 potuit,
906 598 1013 640 forte
1056 602 1219 646 soi-tuna

93 668 161 696 ore
188 658 385 710 assumta,
418 662 665 706 conditionis
693 667 905 710 morbosae
935 672 1077 723 causa,
1123 673 1218 716 dum

89 727 131 766 iu
161 730 388 771 ventriculo
419 734 536 774 erat?
1149 786 1154 790 ,

147 828 175 850 ,,
223 799 337 840 Anus
393 803 586 854 quaedam
642 805 737 858 (1),
771 809 812 848 in
864 811 990 853 insula
1039 810 1221 855 W'ester-

90 866 329 924 Schelling,
361 874 517 914 vomitu
547 875 670 929 ejecit
699 879 984 929 animalculum
1032 886 1219 933 caniculo

87 936 239 988 fimsse,
286 940 326 979 in
357 953 441 994 quo
485 942 713 987 luculenter
746 948 846 990 visui
889 964 1111 996 occurrunt
1155 969 1219 996 ca-

63 1019 189 1060 put,
222 1021 296 1058 os,
327 1010 492 1064 lingua,
526 1014 664 1063 oculi,
698 1018 849 1069 pedes,
890 1023 1015 1062 cauda
1044 1036 1084 1064 et
1113 1025 1220 1065 funi·

86 1077 182 1119 culo
224 1080 448 1122 umbilicali
493 1083 617 1124 fimile
646 1088 755 1139 quid.
829 1089 936 1131 Illud
967 1095 1090 1146 gratis
1119 1097 1218 1137 mihi

87 1147 268 1190 oblatum
300 1151 411 1193 fimul
436 1165 529 1194 cum
560 1155 718 1197 bursula
745 1159 900 1210 crassa,
933 1161 1054 1204 ficum
1078 1177 1217 1206 rotun-

86 1218 173 1259 dam
203 1231 244 1259 et
270 1220 428 1273 planam
452 1223 679 1275 referente,
726 1230 765 1268 in
801 1243 880 1282 qua
905 1230 1004 1273 loco
1033 1233 1218 1276 secundi-

82 1300 157 1327 nae
186 1288 319 1331 haesit.
394 1291 502 1332 Ante
533 1293 797 1347 rejectionem
834 1303 1037 1354 appetitus
1070 1307 1215 1346 nonni-

82 1357 141 1398 hil
185 1371 268 1400 erat
295 1360 513 1413 prostratus
541 1374 582 1403 et
612 1364 652 1403 in
688 1366 909 1420 rejectione
944 1372 1045 1412 adeo
1069 1377 1212 1425 anxia,

81 1440 126 1468 ut
152 1415 354 1469 'videretur
383 1433 606 1473 moritura?
681 1434 746 1475 An
777 1437 872 1480 huic
899 1439 1090 1484 historiae
1116 1444 1220 1487 fides‘

80 1496 296 1540 habenda?

137 1567 251 1608 Vidit
280 1569 611 1623 Ruyschius
641 1576 725 1629 ipse
754 1576 803 1631 (2
807 1577 857 1630 )‚
896 1594 989 1622 cum
1031 1596 1213 1639 occupa-

80 1649 142 1679 tus
169 1638 300 1679 esset
291 1653 330 1680 ln
360 1644 550 1694 penitiori
582 1647 726 1687 osfium
760 1647 952 1691 structura
993 1654 1093 1693 inda
1085 1656 1213 1708 'ganda

77 1710 240 1749 exuvias
271 1723 383 1751 veras
412 1712 695 1765 Chrysalidum
727 1718 951 1771 dictarum,
984 1724 1047 1764 vel
1078 1723 1210 1776 Nym-

77 1778 245 1830 pharum
287 1781 394 1834 apud
438 1782 726 1839 Zotsgraphos.
787 1789 859 1832 Ait
887 1793 926 1832 se
957 1795 1119 1835 testulas
1148 1809 1209 1836 re-

75 1848 255 1901 perisse,
298 1863 380 1891 non
424 1854 539 1894 unius
580 1856 647 1898 sed
683 1858 857 1914 triplicis
885 1859 1063 1915 speciei,
1108 1879 1210 1918 quae

54 1919 351 1973 ·integumenta
389 1934 499 1964 erant
540 1918 759 1968 viventium
813 1929 911 1971 olim
946 1934 1207 1985 animalium,

71 1990 113 2029 in
145 1990 232 2030 osse
263 1989 428 2033 femoris
454 2006 494 2034 et
518 1994 687 2037 humeri.
750 1996 868 2039 Ultra
889 2014 1063 2057 pergens
1091 2005 1205 2059 spec-

1147 2087 1203 2117 ta-

114 2148 178 2196 (ι)
203 2151 348 2195 Τι’]υβηιν.
371 2155 425 2189 ΙΧ.
458 2156 501 2190 N.
529 2167 585 2200 41.

113 2206 177 2254 (2)
202 2208 234 2242 R
252 2220 270 2241 u
289 2219 308 2251 y
324 2212 369 2243 sc
385 2212 403 2243 11
420 2213 429 2244 i
447 2223 463 2245 ιι
481 2223 494 2246 s
509 2238 519 2252 ‚
544 2215 566 2247 l.
592 2214 612 2249 Ι,
643 2213 735 2248 Dec„
753 2215 813 2250 III.
842 2225 875 2258 p.
898 2218 949 2252 18.

620 2270 660 2312 D
