1519 2729
531 158 725 218 (5)

78 312 247 356 quoque
288 302 329 341 in
373 299 508 342 medio
548 301 606 341 ire
648 300 884 342 tutissimum
923 300 1028 346 erit,
1073 310 1206 352 neque

77 384 282 426 vermibus
307 385 468 425 nimiam
496 384 578 424 vim
612 384 790 446 tribuere
817 367 865 423 tid
900 382 1066 422 morbos
1107 393 1204 434 pro-

77 466 310 515 ducendos,
341 479 471 520 neque
495 467 535 506 in
564 467 660 507 artis
693 466 985 507 exercitatione
1021 464 1206 518 superva-

76 544 198 590 cuum
225 549 371 590 ducere
396 549 444 589 ad
474 549 569 590 illos
595 550 771 589 animum
793 547 1012 588 attendere.
1071 546 1206 588 Recte

77 633 187 672 enim
216 631 362 673 dixisse
392 632 550 672 videtur
593 631 890 683 Andryuse
933 660 961 683 „
994 629 1060 671 On
1090 630 1209 671 n’ex-

74 741 105 767 ‚,
135 714 278 755 amine
298 721 382 768 pas
411 710 557 769 assez,
588 713 661 755 s'il
683 727 710 768 y
738 727 767 755 a
795 714 863 754 des
891 725 986 754 vers
1016 713 1122 754 dans
1150 713 1208 754 les

73 824 102 850 „
133 796 352 845 malades,
395 796 444 837 de
472 797 519 838 la
548 797 663 838 vient
691 809 768 851 que
786 794 997 850 plusieurs
1034 795 1208 851 person-

70 906 100 931 „
132 891 202 919 nes
229 878 411 919 tombent
437 878 694 933 quelquefois
723 892 774 920 en
802 879 1016 932 langueur
1038 888 1078 919 et
1095 892 1206 934 meu·

69 988 100 1013 „
129 969 256 1009 rent,
290 957 396 1015 sans
440 960 564 1016 qu'on
601 958 733 1016 sache
774 963 821 1003 la
860 962 1074 1003 vdrimble
1108 975 1209 1004 cau-

57 1070 100 1095 „,
121 1038 199 1097 fe”
231 1040 325 1097 (1).

128 1124 298 1166 Vermes
338 1128 466 1168 nostri
507 1129 694 1182 corporis
731 1129 809 1170 five
848 1127 1038 1169 Entozoii
1091 1139 1207 1182 quas-

71 1219 162 1248 nam
192 1221 398 1262 occupent
425 1221 589 1263 partes,
634 1210 796 1254 difficile
826 1211 938 1251 dictu
976 1221 1066 1258 est,
1113 1221 1205 1261 nam

71 1289 205 1332 nullus
242 1290 349 1332 forte
387 1292 506 1334 locus
543 1305 634 1342 est,
678 1294 719 1333 in
764 1305 848 1346 quo
875 1292 1093 1346 aliquando
1122 1303 1207 1333 non

70 1373 224 1413 inventi
267 1374 341 1415 fint
380 1374 620 1416 nidulantes.
681 1375 926 1430 Catalogum
970 1387 1110 1416 eorum
1141 1387 1209 1416 ac-

70 1466 254 1497 curatum
293 1456 403 1497 dedit
447 1456 539 1498 Cel.
578 1457 799 1506 Pallas,
843 1459 885 1498 in
921 1457 987 1499 sua
1017 1457 1129 1498 Diss.
1157 1456 1208 1497 de

70 1536 244 1593 Infestis
276 1538 522 1581 Viventibus
551 1540 675 1581 intra
705 1540 908 1582 Viventia
936 1536 1031 1592 (α).
1106 1539 1208 1580 Fre-

70 1622 259 1675 quentius
302 1632 433 1661 tamen
473 1621 682 1662 collocant
725 1622 856 1663 sedem
897 1623 938 1663 in
975 1623 1205 1671 intestinis,

71 1716 175 1759 quae
199 1705 307 1746 ratio
331 1703 516 1755 videtur,
562 1704 675 1759 quod
703 1704 745 1745 hi
775 1715 927 1746 tantum
970 1715 1062 1745 ante
1100 1704 1204 1745 hanc

1109 1799 1205 1828 nos·

114 1940 136 1986 ζ
142 1939 178 1985 1)
203 1941 252 1976 De
277 1943 311 1975 la
338 1943 528 1978 Generatim
549 1944 600 1978 des
626 1953 697 1978 vers
716 1943 796 1978 dam
822 1944 851 1978 le
873 1943 968 1988 Corps
979 1942 1016 1977 de
1029 1913 1206 1983 l'Hofmness

73 2009 162 2044 Paris
184 2021 281 2055 1741.
304 2012 345 2047 T.
366 2012 392 2046 Ι.
411 2023 443 2054 p.

116 2077 179 2124 (2)
202 2080 279 2116 Vid.
314 2079 464 2133 'Th-esaar.
491 2080 577 2124 Disfi
611 2082 664 2116 cl.
698 2082 740 2117 E.
778 2080 985 2118 Sandifo
1001 2091 1016 2116 r
1032 2089 1066 2124 t,
1111 2081 1152 2116 T.
1177 2082 1204 2116 Ι.

71 2157 108 2192 p.
134 2158 213 2194 247·
