1519 2729
551 216 577 270 (
642 229 715 283 133
780 215 807 270 >

180 354 253 397 IV.
285 355 492 396 Praeterea
506 385 519 404 ‚
535 356 717 407 quamvis
731 356 965 411 negaverit,
981 353 1004 395 fi
1011 367 1078 394 nes
1092 353 1225 395 adesse
1241 387 1255 404 ,

121 426 263 455 eorum
292 426 423 455 tamen
453 414 773 467 cogitationem,
814 416 967 468 quippe
997 415 1117 454 nobis
1143 426 1166 453 a
1187 426 1255 455 na-

122 473 208 525 tura
260 484 484 534 imbutam,
529 496 612 524 non
653 484 816 537 prorsus
858 483 1066 540 negligere
1105 486 1254 537 potuit.

121 553 261 611 Utituwr
283 555 390 595 enim
419 553 619 608 (Ethices
643 553 688 595 Ρ.
719 554 751 595 Ι.
783 554 907 608 Prop.
940 553 1036 607 26.)
1061 567 1166 596 voce
1185 554 1253 594 de-

118 625 374 680 ferminare.
414 624 527 680 Quid
542 625 673 667 vero?
704 624 820 666 Deus
848 627 874 667 fi
903 638 965 666 res
994 624 1254 666 determina-

118 697 260 746 verit,
304 708 439 736 nonne
496 706 537 736 et
580 696 756 750 aliquem
801 696 873 737 fibi
925 695 1045 736 finem
1101 707 1257 750 propo·

120 767 229 808 suit?

175 836 228 877 V.
261 837 306 877 In
321 849 372 878 eo
400 848 460 878 est
487 849 598 877 error
630 835 934 890 spinosae,
966 834 1078 888 quod
1092 833 1253 884 Deum,

119 907 304 959 (veniam
331 909 376 948 fit
405 904 545 958 dicto>
585 918 771 960 tanquam
799 906 1138 947 lxsslathcmaticum
1180 905 1254 950 fibi

118 989 350 1030 proponat,
393 978 463 1030 qui
499 977 663 1017 obiecta
693 976 818 1016 modo
848 976 1003 1028 spectet
1031 985 1254 1026 eorumque

118 1047 224 1086 vires
250 1057 352 1086 caet.
382 1046 543 1099 indaget
560 1075 572 1095 ,
604 1058 688 1086 non
706 1058 805 1086 vero
835 1044 1062 1085 adiumenta
1089 1043 1254 1083 etffines

115 1115 307 1157 attendat.
382 1113 509 1170 Quod
538 1115 729 1168 profecto
761 1127 854 1156 cum
897 1113 1054 1153 homini
1093 1114 1251 1153 ratione

115 1185 302 1239 praedito
343 1184 619 1240 denegandum
647 1197 730 1227 non
771 1185 844 1232 sit,
889 1182 1020 1224 multo
1057 1184 1188 1224 minus
1228 1197 1251 1226 a

114 1253 214 1296 Deo
240 1255 413 1296 alienum
440 1257 611 1311 cogitari
642 1267 793 1309 potest.
825 1251 905 1308 (Ι)

174 1325 246 1366 VI.
278 1325 454 1366 Divinae
480 1339 642 1368 naturae
670 1325 860 1366 adscribit
886 1324 1105 1372 attributa,
1149 1334 1253 1375 quae

116 1405 208 1434 cum
222 1395 307 1434 eius
322 1395 542 1436 necessaria
557 1380 771 1437 existentia
788 1395 1005 1436 convenire
1027 1404 1250 1446 nequeunt.

116 1461 361 1505 Extenfionc
391 1467 527 1513 enim,
558 1466 658 1507 licet
688 1465 822 1506 ideali
836 1463 1127 1518 significatione
1143 1451 1252 1504 aeci-

113 1534 271 1585 piatur‚
305 1546 434 1575 tamen
476 1548 545 1575 eae
581 1536 863 1589 producuntur
901 1533 1250 1583 modificationes,

114 1615 216 1655 quae
243 1604 397 1644 anobis
426 1617 488 1645 res
515 1605 809 1660 adspectabiles
825 1605 1028 1645 dicuntur.
1075 1602 1120 1643 In
1136 1603 1252 1644 hisce

114 1685 214 1713 vero
239 1673 348 1715 nulla
371 1688 462 1715 cum
485 1677 619 1717 divina
647 1687 785 1716 natura
807 1675 984 1715 cernitur
1005 1675 1252 1714 convenien-

118 1744 198 1791 tia,
245 1745 336 1796 quia
376 1747 571 1787 rationem
602 1746 673 1787 fibi
703 1745 962 1786 sufficientem
1000 1743 1249 1791 defiderant,

117 1823 156 1852 ct
183 1814 482 1867 contingentiae
513 1812 716 1855 subiectae
751 1814 853 1854 sunt.
925 1813 1140 1867 Cogitatio
1180 1824 1249 1853 au-

117 1895 227 1932 tem,
270 1895 387 1937 quam
425 1895 476 1924 ex
516 1882 738 1924 subiectiva
782 1884 838 1924 sui
866 1885 986 1937 ipfius
1024 1884 1179 1923 ratione
1207 1884 1248 1922 in

114 1951 252 1993 Deum
296 1952 508 2003 transfert,
553 1955 735 2007 quamvis
779 1952 1010 1995 universalis
1064 1953 1246 2001 dicatur,

1190 2020 1251 2063 di-

160 2175 222 2223 (1)
240 2150 303 2212 'Ni
322 2186 375 2210 eu
392 2177 529 2220 hoff,
553 2179 1097 2223 t.a.p.p.118.11euuert,
1119 2175 1243 2221 (thsg.

115 2234 210 2269 l'ersz.
238 2236 280 2269 D.
306 2236 332 2269 1.
356 2234 401 2269 bl.
426 2235 502 2290 284.

639 2284 727 2335 ‘12
