1519 2729
723 149 947 218 (70)

256 291 375 336 nibus
438 291 604 348 publice
673 297 877 348 ostendis,
939 296 1058 353 quam
1108 297 1385 340 admirabilem

254 374 297 415 in
327 385 418 416 tuae
446 374 690 417 Academiae
718 375 904 422 alumnos
931 380 1084 423 habeat
1101 382 1181 421 vim
1211 390 1384 435 genero-

253 455 342 498 fixm
373 456 544 497 studium
573 457 767 501 honoris!
798 461 936 518 Magis
961 474 1058 503 vero
1092 462 1300 516 magisque
1325 462 1403 516 in->

255 547 318 578 ter
345 549 557 593 utramque
585 538 848 582 Academiam
875 553 921 583 ea
957 542 1178 584 invalescat
1212 541 1387 584 aemula-

252 619 343 667 ti0‚
375 632 476 673 quae
505 631 545 660 et
572 622 732 675 utrique
761 621 966 677 gloriosa,
996 635 1039 665 et
1066 626 1158 679 ipfis
1184 624 1386 668 doctrina*

251 711 342 740 rum
370 700 509 742 studiis
529 700 786 744 saluberrima
814 705 887 746 fit!

309 780 375 822 Te
413 782 587 837 denique
643 785 883 839 compell.0‚
940 785 1184 829 Academiae
1215 786 1388 830 Rheno-

253 861 513 919 TraJ'eetinae
535 868 636 908 civis
667 867 973 920 spectatissime!
1006 868 1176 911 Gratum
1199 880 1283 910 erat
1310 870 1389 910 tuis

254 949 588 1001 praeceptoribus
618 950 851 1002 proximum
878 951 1073 991 victoriae
1101 951 1298 992 honorem
1339 950 1389 990 ti·
1448 956 1459 995 .’

255 1031 298 1071 bi
325 1032 563 1072 nominatim
590 1031 765 1073 tribuere
799 1032 944 1086 posse:
990 1033 1105 1087 cujus
1134 1031 1236 1072 adeo
1268 1031 1388 1086 infig-

254 1124 307 1153 ne
337 1113 419 1154 hoc
455 1113 744 1155 documentum
775 1125 814 1155 te
854 1114 905 1154 ad
941 1115 1180 1155 continuum
1204 1113 1388 1155 laborem

249 1193 537 1250 vmajoremque
564 1196 605 1235 in
636 1195 721 1236 dies
750 1193 908 1235 laudem
937 1195 1090 1235 excitet
1118 1195 1381 1249 perpetuoi:

316 1356 582 1414 Quicumque
613 1371 746 1402 autem
774 1370 980 1409 vestrum,
1013 1361 1249 1403 ornatissimi
1273 1360 1388 1416 Juve-

253 1448 351 1490 nes⁷
394 1440 476 1481 hoc
518 1452 624 1482 anno
662 1441 712 1482 de
746 1444 921 1484 victoria
958 1441 1204 1484 Academica
1232 1453 1386 1484 certan-

256 1532 343 1571 tes,
387 1535 410 1562 a
457 1523 522 1563 sua
551 1524 619 1576 spe
642 1525 805 1578 prorsus
830 1524 1095 1584 deciderunt,
1140 1525 1216 1574 iis,
1259 1525 1388 1583 immo

253 1616 356 1645 vero
399 1606 616 1656 omnibus,
677 1608 826 1661 quibus
858 1619 899 1648 et
935 1606 1071 1661 placet
1111 1618 1152 1647 et
1193 1608 1388 1648 convenit

256 1684 482 1729 honorifica
510 1677 792 1739 concertatio,
823 1702 929 1730 nova
954 1689 1114 1731 dabitur
1143 1690 1386 1743 opportuni*-

254 1777 313 1807 tas
349 1770 455 1810 vires
492 1769 578 1811 suas
608 1771 843 1824 experiundi
872 1772 912 1811 in
941 1770 1156 1812 tractandis
1181 1770 1386 1824 quaestio-

250 1850 375 1891 nibus
415 1852 465 1892 ad
503 1864 707 1894 certamen
749 1866 800 1895 ex
844 1852 1045 1894 benevola
1078 1854 1207 1894 nostri
1249 1852 1383 1894 Ram-s

253 1932 462 1975 voluntate
505 1937 752 1990 propositis:
802 1948 905 1990 quae
949 1935 1038 1977 sunt
1091 1934 1211 1990 hujus
1264 1947 1384 1990 argu-

250 2026 401 2055 menti:

1114 2282 1117 2285 -
1154 2261 1381 2323 Ωιι-Αω-
