1519 2729
536 150 732 211 (7)

5 304 7 306 ·
75 292 390 347 delphius,
419 290 754 335 Bremserus
780 286 894 340 sunt,
928 294 1112 344 ‘quorum
1141 290 1201 331 in-

76 377 229 420 dustria
255 356 522 425 factumest,
563 386 608 417 ut
634 375 833 417 hodierno
860 385 1045 428 tempore
1077 372 1204 426 pluri-

76 472 141 501 ma
168 459 379 502 noscamus
407 457 456 500 de
491 457 775 500 Entozoorum
815 457 997 506 fabrica,
1040 454 1205 498 vivendi

75 542 372 597 generandique
400 542 526 584 modo
542 572 555 592 ,
586 554 760 596 quorum
789 551 913 595 opera
939 539 1009 582 illa
1034 540 1076 580 in
1103 538 1207 580 clas·

77 625 136 666 ses
158 636 200 665 et
224 624 378 678 species
407 625 573 666 reducta
599 621 702 666 su'nt.

133 706 378 749 Academiae
443 706 899 761 Rheno-TraJ‘ectinae
952 703 1210 746 Professores

76 787 163 830 Cll.
214 802 309 831 cum
364 786 659 843 Quaestionem
701 790 855 831 hancce
902 797 1208 849 proponerent:

76 899 107 924 „
136 870 359 920 Entozoc’i,
406 883 538 924 quae,
575 872 818 914 docentibus
861 870 1212 912 observationibus

76 981 108 1006 „
137 953 400 995 Medicorum
427 964 467 994 et
497 953 812 1009 Zofflogorum,
843 955 886 995 in
913 954 1096 995 humanis
1119 965 1213 994 cor-

78 1064 108 1090 „
137 1037 308 1090 poribus
335 1035 559 1086 hactenus,
602 1037 643 1076 in
666 1035 841 1091 Belgio,
884 1036 1048 1077 fuerunt
1076 1046 1214 1089 reper-

78 1146 108 1171 ,‚
139 1129 206 1169 ta,
250 1130 534 1160 enumerentur
562 1129 604 1160 et
643 1119 694 1160 ad
722 1131 869 1175 genera
911 1129 953 1159 et
992 1118 1149 1174 species
1189 1130 1214 1159 a

79 1229 109 1254 „
139 1200 399 1244 Runomno
427 1212 469 1242 et
498 1201 732 1244 Bnssmsmo
760 1201 1001 1251 constituta,
1039 1200 1216 1241 referan-

18 1281 24 1291 '
79 1311 109 1337 „
142 1295 230 1325 tur:
262 1295 306 1325 ut
334 1285 567 1337 exquiratur
595 1284 817 1338 deinceps,
863 1284 1012 1338 quibus
1042 1284 1218 1324 maxime

79 1393 109 1420 „
139 1367 309 1415 causfiS‚
355 1379 451 1409 cum
491 1368 666 1407 externis
696 1370 779 1407 tum
807 1367 1003 1417 internis,
1047 1364 1216 1407 illorum

79 1476 109 1501 „
139 1459 361 1502 proventus
388 1450 435 1490 fit
464 1449 725 1498 tribuendus,
772 1461 955 1502 quaeque
995 1450 1219 1503 praecipue

80 1558 110 1584 „
139 1532 376 1572 morborum
407 1530 676 1585 symptomata
702 1531 752 1572 ab
783 1532 924 1573 iisdem
955 1531 1105 1573 fuerint
1119 1544 1217 1586 pro-

82 1642 111 1667 „
142 1613 321 1662 ducta‚”
381 1624 512 1654 tantus
554 1626 617 1655 me
661 1616 772 1667 cepit
811 1601 930 1655 ardor
970 1615 1073 1656 hanc
1130 1626 1217 1654 rein

83 1697 309 1738 accuratius
352 1696 594 1750 indagandi,
641 1707 686 1737 ut
730 1708 812 1737 non
859 1698 1067 1750 potuerim
1106 1708 1217 1747 non,

83 1780 183 1833 quin
237 1781 279 1820 in
334 1778 614 1833 respondendo
669 1778 719 1819 ad
774 1774 1054 1833 quaestionem
1105 1780 1213 1821 vires

84 1873 194 1902 meas
224 1864 433 1902 tentarem.

143 1943 192 1984 In
235 1945 399 1985 materia
440 1944 642 1986 tractanda
675 1943 857 1986 ordinem
902 1944 1061 1987 secutus
1101 1943 1217 1995 sum,

86 2038 208 2079 quem
246 2027 430 2080 quaestio
461 2027 636 2068 indicare
664 2027 906 2079 videbatur;
948 2027 1109 2069 duobus
1146 2040 1214 2069 ca-

91 2109 247 2163 pitibus
277 2109 387 2151 illam
411 2109 636 2152 absolvens.

1170 2190 1224 2233 [ιι
