1519 2729
575 127 715 183 (55
772 122 809 174 >2

130 268 225 312 alat.
283 263 379 308 Hoc
414 275 614 320 ‘apparatu
654 259 879 306 exficcato‚
924 261 1006 307 ope
1042 244 1246 303 epistomii

133 337 191 382 R'
245 338 465 378 mercurius
499 334 732 390 purisfimus
777 324 1007 368 infundatur
1044 321 1083 360 in
1118 316 1249 370 cylin-

139 409 253 450 drum
283 405 395 456 AB,
432 417 476 447 ut
503 405 618 445 illum
645 412 776 442 totum
800 391 983 451 repleat,
1029 390 1151 445 igitur
1175 385 1251 426 eti·

133 491 197 520 am
236 478 276 518 in
306 477 406 517 tubo
435 472 473 516 T
495 472 541 515 Τ
569 472 618 513 ad
646 471 812 512 eandem
837 463 1091 508 altitudinem
1118 455 1252 498 eleve-

135 561 211 592 tur.
244 548 305 588 Sit
328 545 372 587 V
390 545 539 600 globus
561 544 712 584 vitreus
742 539 841 593 qui,
870 536 978 577 ficco
998 541 1072 588 gaz
1101 526 1252 569 exami-

134 620 268 663 nando
291 617 465 676 plenus,
497 616 612 670 supra
643 612 784 653 tubum
814 602 896 648 AB
926 612 1127 659 ponatur,
1170 607 1253 650 ope

137 687 363 736 cochleaez,
408 687 432 728 fi
470 685 552 741 jam
592 683 825 737 aperiuntur
865 674 980 731 globi
1010 682 1050 711 et
1079 665 1255 721 cylindri

137 756 222 800 AB
265 755 475 810 epistomia
518 766 544 794 r
596 762 636 792 et
674 749 761 797 R‘,
821 740 1139 787 communicatio
1187 733 1256 776 ad·

137 838 200 869 est
242 827 345 866 inter
385 823 612 876 cylindrum
653 818 738 861 AB
777 826 817 856 et
859 812 1029 868 globum
1060 806 1108 850 V.
1177 801 1258 845 Sed

140 909 216 952 gaz
243 895 373 949 globo
404 903 641 934 contentum
684 889 736 941 (fi
781 887 866 940 ejtis
904 880 1121 923 elasticitas
1154 873 1258 916 aeris

141 967 385 1022 pressionem
419 975 500 1003 non
529 955 714 1014 superat)
746 953 991 996 mercurium
1034 946 1259 998 deprimere

143 1036 314 1089 nequit..
360 1031 546 1084 cylindro
589 1027 673 1071 AB
712 1034 964 1068 contentum.
1023 1016 1130 1058 Tum
1165 1024 1261 1065 ape-

143 1107 268 1148 riatur
306 1102 561 1156 epistomium
591 1098 665 1148 R,
709 1108 793 1151 quo
829 1090 1049 1134 mercurius
1101 1084 1263 1132 effluat,

144 1188 187 1218 et
215 1187 288 1230 gaz
319 1172 545 1225 cylindrum
571 1157 672 1211 AB
699 1169 831 1208 intret.
906 1161 947 1202 Si
974 1160 1054 1214 jam
1082 1167 1156 1210 gaz
1184 1150 1264 1193 suf-

147 1247 310 1288 ficiente
345 1243 565 1296 quantitate
603 1242 644 1281 in
671 1235 858 1289 cylindro
898 1231 1039 1280 adest,
1077 1223 1265 1269 claudan·
1314 1246 1318 1258 1

149 1328 213 1359 tur
236 1313 445 1368 epistomia
473 1310 517 1354 R
547 1323 587 1351 et
616 1309 688 1351 R'.

209 1384 305 1426 Hoc
331 1394 464 1423 autem
494 1392 567 1435 gaz
603 1377 810 1418 dilatatum
846 1384 933 1420 est,
976 1369 1063 1423 ejus
1103 1365 1165 1406 vis
1192 1360 1269 1416 igi-

152 1468 216 1498 tur
261 1454 425 1495 clastica
468 1451 572 1491 ae’ris
607 1445 809 1501 presfione
857 1443 990 1483 minor
1031 1447 1122 1484 est,
1163 1430 1271 1473 unde

154 1525 341 1568 mercurii
379 1522 567 1564 columna
596 1518 635 1557 in
682 1511 867 1567 cylindro
902 1507 986 1551 AB
1026 1505 1145 1546 altius
1174 1501 1273 1543 stare

158 1596 306 1643 debet,
336 1606 454 1646 quam
485 1593 523 1631 in
562 1588 662 1629 tubo
691 1584 728 1626 T
734 1595 737 1597 ·
754 1582 814 1624 T'.
875 1578 1109 1622 Infundatur
1149 1573 1273 1628 igitur

161 1665 381 1707 mercurius
407 1664 446 1702 in
471 1661 611 1702 tubum
641 1655 678 1698 T
703 1653 750 1696 T'
764 1685 776 1699 ..
808 1654 939 1694 donec
967 1657 1135 1701 utraque
1170 1653 1274 1684 mer·

159 1736 262 1778 curii
307 1732 494 1774 columna
533 1729 670 1770 eadem
701 1727 746 1767 fit
773 1723 1012 1769 altitudine;
1045 1729 1140 1759 tunc
1167 1713 1276 1754 enim

163 1807 224 1846 vis
267 1803 430 1844 elastica
467 1813 540 1855 gaz
582 1795 760 1850 aequalis
801 1795 877 1833 erit
906 1789 1278 1844 messioni-annos-

165 1876 365 1930 phaeraez,
397 1883 497 1924 quae
523 1870 583 1909 vis
598 1867 762 1908 elastica
791 1864 925 1915 itaque
941 1858 1140 1901 facillimo
1152 1851 1278 1893 modo

164 1943 433 1998 cognoscitur
460 1938 671 1979 observato
693 1936 952 1981 barometr03
983 1928 1102 1982 hujus
1119 1937 1192 1980 gaz
1206 1934 1280 1961 vo—

165 2014 304 2055 lumen
319 2010 584 2065 cognoscitur
613 2019 692 2059 ope
719 2004 954 2046 divisionum
983 2011 1081 2052 quas
1103 2002 1282 2045 occupat

169 2084 210 2132 in
242 2080 428 2134 cylindro
444 2077 553 2127 AB,
586 2077 631 2118 fit
658 2077 797 2117 harum
827 2072 1063 2114 divisionum
1092 2073 1281 2107 numerus

168 2151 302 2193 ΞΝ,
354 2150 440 2205 Jam
470 2147 666 2201 liquidum
683 2143 971 2186 introducatur.
1032 2137 1206 2180 Huncin
1239 2132 1283 2173 fi-

172 2236 266 2267 nem
280 2221 390 2264 aliud
417 2219 673 2275 epistomium
695 2210 794 2268 R‘f,
815 2212 1022 2256 vasculum
1039 2207 1286 2254 metallicum

1225 2287 1295 2331 ge·
