1519 2729
696 150 919 213 (56)

260 293 315 330 ‘va
341 301 439 332 vero
474 292 579 334 coeli
603 304 810 349 terraeque
837 295 1051 342 dominuS,
1096 304 1137 334 et
1157 290 1371 346 'Israelita‘

262 369 351 400 rum
379 359 495 402 Deus
522 364 764 415 peculiaris,
796 363 967 407 diversas
991 363 1097 417 apud
1112 376 1182 405 eos
1207 364 1370 419 regimi-

264 430 326 470 nis
353 442 485 483 partes
512 446 612 474 unus
637 435 677 474 in
699 433 736 474 se
767 435 1038 488 suscipiebat,
1069 447 1115 476 ac
1129 433 1372 475 solusidcir-

263 513 317 541 co
333 501 447 541 abiis
460 515 542 543 erat
567 504 776 546 colendus.
836 506 934 562 Quo
957 507 1082 558 magis
1098 517 1229 546 autem
1247 503 1373 543 Israe-

261 569 352 610 litas
383 571 454 612 fibi
476 574 659 614 redderet
672 576 880 625 addictos,
913 587 987 616 eta
1004 576 1260 616 finitimarum
1275 584 1374 628 gen-

265 640 366 681 tium
381 640 499 682 sacris
513 656 688 694 arceret,
721 647 855 699 quoad
882 646 967 699 ejus
991 646 1076 685 fieri
1104 644 1241 698 posset
1257 673 1275 693 ,.
1303 656 1374 683 cn-

265 696 403 760 ravit,'
425 723 475 751 ne
502 716 650 754 exteris
674 716 932 756 commerciis
959 715 1077 754 nimis
1105 712 1377 767 indulgerent.-

263 777 382 821 Hanc
412 781 461 821 ab
493 784 649 824 causam
676 784 960 839 agricultnram
990 794 1235 837 magnopere
1262 793 1378 822 como

263 849 467 890 mendavit
505 852 672 906 ejusque
700 854 873 910 aliquam
906 855 1012 907 quast
1043 852 1280 906 imponebat
1307 862 1378 890 ne·-

262 918 488 961 cessitatem
532 935 605 975 per
643 924 850 978 aequalem
893 936 1080 979 agrorum
1126 920 1378 962 distributio-

263 999 385 1039 nem,
430 989 700 1034 Israelitarum
740 995 882 1034 animis
919 995 1061 1048 injecit:
1092 1006 1278 1048 magnum
1309 1004 1382 1044 pa-

262 1059 331 1098 trii
388 1059 463 1100 so-li
518 1072 559 1101 et
598 1064 730 1116 gentis
774 1063 863 1104 suae
912 1077 1118 1114 amorem,
1162 1075 1208 1103 ac
1250 1062 1382 1102 vetuit

265 1127 396 1178 adeo,
427 1140 477 1169 ne
507 1132 597 1184 quis
625 1144 676 1173 ex
705 1133 1013 1174 Canaiinitarum
1043 1133 1234 1174 foeminis
1258 1131 1381 1171 duee-

265 1209 327 1238 ret
351 1211 534 1241 uxorem.
596 1201 704 1242 Cum
732 1200 865 1245 antem
896 1202 1074 1243 Hebraei
1103 1202 1222 1242 rebus
1238 1201 1277 1240 in
1288 1195 1380 1240 'sen-

264 1267 328 1309 sus
357 1269 656 1312 incurrentibus
677 1274 875 1326 imprimis
906 1284 1190 1320 moverentur,
1221 1281 1262 1310 et
1292 1269 1385 1310 fini-

267 1338 453 1380 timarum
484 1342 665 1394 gentium
698 1341 806 1383 sacra
835 1344 982 1383 rituum
1008 1340 1264 1383 multitudine
1282 1369 1294 1388 ‚
1340 1349 1384 1377 et

268 1420 445 1461 pompae
475 1409 686 1461 splendore
717 1423 960 1466 magnopere
1005 1411 1083 1451 sese
1121 1409 1383 1451 commenda-

268 1487 384 1526 rent,
427 1477 668 1534 religionem
698 1480 890 1522 Israelitis
920 1480 1196 1535 praescm‘pfit,
1243 1478 1384 1519 multis

269 1548 470 1601 variisque
520 1549 689 1600 ritibus,
748 1563 796 1592 ae
840 1551 1071 1592 cerimoniis
1119 1548 1383 1602 splendidam.

267 1614 364 1660 Huc
392 1621 563 1660 maxime
592 1619 798 1674 spectabat
819 1622 995 1662 foederis
1012 1652 1024 1670 ‚
1055 1621 1168 1674 quod
1196 1631 1288 1661 cum
1315 1619 1382 1674 je-

267 1687 375 1729 hova
426 1687 634 1741 fecerant,
692 1694 843 1748 figmrm
900 1691 1102 1747 quoddam
1143 1701 1380 1737 externum,

265 1759 520 1801 circumcisio
562 1772 782 1814 vocatum,
827 1776 911 1817 quo
945 1774 1056 1803 totus
1096 1760 1381 1802 Hebraeorum

267 1829 447 1882 populus
469 1831 549 1872 sese
574 1832 754 1886 Jehovae
780 1833 932 1874 sacrum
962 1844 1001 1873 et
1026 1832 1229 1876 addietum
1256 1831 1383 1883 profi-

269 1899 445 1942 tebatur.
504 1902 568 1943 Ae
592 1901 703 1958 leges
734 1903 907 1944 cibariae
937 1915 987 1942 eo
1017 1904 1137 1943 etiam
1165 1901 1381 1950 valebant,

266 1979 311 2009 ur:
339 1970 503 2012 aliarum
527 1975 707 2027 gentium
738 1974 864 2014 sacras
903 1972 1041 2026 epulas
1077 1972 1182 2013 hand
1215 1971 1382 2024 possent

266 2037 486 2080 celebrare.
547 2040 661 2095 Quid
690 2043 832 2096 plura?
870 2033 1002 2083 Totu's
1028 2043 1228 2083 sacrorum
1256 2053 1380 2094 appa-

261 2119 397 2157 ratus,
429 2108 466 2149 T
469 2111 701 2159 abel-naculi
734 2113 922 2166 splendor
946 2111 1379 2166 ecmajestas‚·Saccr-
1433 2103 1435 2105 ¹

263 2176 403 2219 dotum
457 2191 498 2221 et
544 2179 778 2225 Levitarum
823 2194 974 2237 pompa
1028 2194 1075 2223 ac
1124 2182 1378 2236 frequentia,

1320 2250 1376 2293 sa-

1235 242 1257 252 s.
