1519 2729
568 147 794 206 (85)

129 289 197 332 Ab
228 290 461 332 hominibus
497 290 633 348 itaque
660 300 792 342 poena
820 288 869 328 iis
907 287 1143 334 immineat,
1185 285 1256 337 qui

127 362 356 414 praeceptis
388 358 626 413 quibusdam
667 358 929 413 refragantur.
991 356 1037 396 In
1080 356 1162 396 hoc
1194 353 1257 393 of-

126 430 314 472 ficiorum
343 429 605 471 fundamento
637 428 891 483 indagando,
940 427 1010 468 fibi
1038 424 1256 466 admodum
1298 468 1301 473 s

62 493 68 498 ’
124 500 304 541 constare
333 498 810 548 Pufendorfium‚
838 498 920 553 Jam
949 508 990 537 re
1016 493 1252 536 etiamlevi-

125 583 186 612 ter
215 570 420 624 inspecta,
448 569 606 610 abunde
635 578 759 621 patet.

181 639 433 681 Divifionem
470 635 551 692 (ι)
585 651 712 691 porro
739 636 858 678 tradit
885 638 925 677 in
958 635 1257 690 obligationem

124 709 342 750 naturalem
383 720 424 748 et
451 707 613 749 civilem
632 739 646 757 ‚
688 720 834 761 easque
879 709 1051 747 maxime
1082 708 1187 746 inter
1215 703 1255 744 se

99 778 285 820 confert
325 779 479 818 ratione
516 777 655 828 modi,
705 790 789 831 quo
831 775 881 817 ad
922 789 987 816 eas
1031 775 1256 829 implendas

121 860 326 903 coguntur
355 847 557 888 homines.

178 916 384 958 Naturalis
423 915 687 969 obligationis
736 917 913 958 efficacia
965 913 1260 956 conscientiam

120 987 297 1028 hominis
335 985 516 1040 stringit,
562 999 655 1026 cum
686 985 886 1040 intelligat
909 986 1065 1034 homo,
1110 984 1150 1025 se
1186 981 1282 1024 ubi*

120 1056 253 1097 eidem
297 1069 379 1097 non
426 1055 695 1105 satisfecerit,
737 1054 939 1095 voluntati
979 1053 1171 1096 Numinis
1197 1065 1263 1093 re-

118 1138 313 1181 pugnare.
403 1125 589 1167 Sancitur
627 1138 674 1167 ac
724 1125 902 1166 firmatur
943 1124 1053 1165 illius
1102 1123 1261 1178 obliga-

119 1197 244 1236 tionis
285 1196 463 1237 efficacia
502 1208 577 1249 per
615 1196 889 1253 conscientiae
948 1196 1131 1243 morsm,
1189 1195 1261 1247 qui

118 1268 178 1306 uti
208 1278 289 1306 non
319 1266 527 1319 profluunt
556 1279 606 1308 ex
648 1266 962 1316 imbecillitate,
995 1265 1060 1308 vel
1087 1278 1138 1305 ex
1179 1264 1260 1320 dis-

122 1335 278 1389 ciplina
306 1349 329 1376 a
360 1338 507 1376 teneris
535 1336 626 1377 inde
653 1336 777 1376 nobis
807 1335 963 1385 infusa,
1008 1336 1085 1385 ita,
1115 1322 1261 1374 nevel

117 1405 166 1445 ad
192 1417 350 1458 tempus
392 1406 581 1459 quidem,
626 1407 818 1461 extingui
859 1405 1058 1459 possunt,
1113 1403 1184 1445 nifi
1215 1414 1263 1445 ut

116 1476 208 1517 dein
236 1477 367 1517 acrius
395 1466 627 1531 exsurgant.

174 1546 218 1586 Si
263 1547 353 1599 quis
395 1546 692 1601 obligationem
725 1545 951 1587 naturalem
979 1544 1150 1599 implere
1185 1556 1257 1586 ne-

117 1612 260 1668 gligit,
293 1626 360 1656 aut
389 1616 615 1664 detrectat,
661 1618 701 1657 in
730 1617 828 1657 statu
858 1616 1058 1657 libertatis
1099 1628 1258 1657 natura-

117 1681 197 1732 lis,
228 1697 273 1725 ca
296 1685 407 1736 sola,
439 1699 541 1740 quae
570 1699 621 1727 ex
651 1698 774 1740 pacto
806 1689 955 1736 oritur,
989 1686 1190 1741 obligatio
1215 1688 1258 1727 vi

115 1757 348 1807 extorqueri
375 1769 526 1810 potest.
588 1758 720 1798 Sicuti
755 1769 795 1797 et
819 1758 859 1796 vi
886 1756 1048 1797 defendi
1088 1755 1258 1810 possunt

118 1823 224 1864 bona
253 1837 515 1880 quaecunque
538 1841 560 1868 a
586 1828 707 1868 nobis
737 1827 930 1881 possessa.
958 1844 991 1852 -
1016 1826 1256 1870 Humanita-

118 1894 167 1934 tis
197 1895 302 1934 enim
328 1895 458 1936 officia
481 1898 520 1937 vi
536 1909 725 1952 expetere
741 1926 755 1947 ‚
787 1897 987 1939 medicina
1014 1896 1121 1938 foret
1147 1909 1255 1937 mor-

1196 1966 1255 2011 bo

161 2117 224 2164 (1)
249 2120 327 2157 Lib.
355 2123 416 2157 111.
445 2134 474 2158 c.
511 2135 546 2167 4.
571 2127 589 2170 S
619 2126 653 2161 6.
682 2127 793 2171 operis
833 2125 983 2170 majoris,
1017 2134 1037 2169 5
1068 2133 1103 2159 et
1134 2125 1168 2160 6.
1199 2124 1256 2159 ubi

115 2175 198 2211 haec
221 2178 314 2212 latius
341 2189 529 2217 tractantur.
