1519 2729
521 140 744 198 (69)

57 290 131 332 per
154 277 319 332 aliquod
347 290 502 333 tempus
524 279 621 322 haec
648 279 738 321 vase
765 278 862 321 licet
888 278 1022 321 clauso
1053 279 1177 322 serva-

60 358 126 396 ta,
172 349 243 389 fibi
284 349 585 402 relinquantur,
626 349 762 390 multis
795 349 991 390 interdum
1031 349 1182 390 scatent

58 416 309 458 animalculis
341 418 561 467 infusoriis,
592 420 713 459 vitam
745 419 855 460 hisce
884 420 1002 460 unice
1031 419 1182 460 deben-

59 486 178 526 tibus.
224 504 269 512 -
311 486 691 539 Spalanzanii
738 489 843 527 enim
895 489 1180 541 experimentis

56 555 263 605 constitit,
309 556 428 597 saliva
453 570 519 598 aut
550 557 691 599 succus
721 559 915 612 gastricus
949 558 974 597 fi
1005 556 1182 598 affunda-

57 626 170 666 datur
209 627 348 677 carni,
406 628 447 667 in
493 629 582 668 aere
630 626 827 675 servatae,
871 626 1028 666 facilius
1067 627 1178 669 illam

55 697 260 748 corrumpi
287 707 326 736 et
352 697 590 738 animalibus
619 696 767 737 scatere
796 696 957 749 parvis,
1003 708 1121 749 quam
1149 698 1178 739 fi

53 763 156 804 nihil
181 767 218 804 ei
249 764 478 806 affunditur.

118 833 215 874 Non
255 836 458 875 immerito
502 836 624 889 igitur
661 836 805 876 horum
845 833 1178 877 animalculorum

52 903 246 945 structura
287 905 630 957 imperfectisfima
665 919 757 946 cum
798 907 869 954 fit,
912 904 1074 946 illorum
1114 918 1179 946 or-

53 985 137 1014 tum
178 975 231 1014 ita
274 974 566 1027 complicatum
601 974 684 1014 esse
728 987 809 1014 non
840 975 1083 1028 oportebat,
1128 974 1178 1015 il-

53 1040 226 1097 lumque
261 1044 593 1098 fimplicisfimum
626 1043 710 1085 esse
738 1044 859 1085 facile
899 1055 1038 1098 patet,
1083 1044 1178 1085 dum

53 1108 308 1154 observamus
335 1126 621 1167 nonnunquam
655 1114 800 1154 horum
839 1111 1177 1155 animalculorum

52 1184 225 1237 plurima
251 1185 353 1224 inter
382 1183 463 1225 sese
494 1184 688 1238 conjungi
715 1194 756 1223 et
775 1195 905 1234 unum
937 1183 1063 1238 majus
1093 1182 1178 1224 for-

53 1265 172 1293 marc.

109 1322 238 1376 Igitur
281 1335 353 1375 per
394 1324 515 1363 vitam
558 1323 677 1376 ipfius
703 1325 887 1376 corporis
909 1322 1087 1377 liquores
1113 1323 1176 1364 illi

52 1391 196 1432 secreti
245 1392 633 1445 praedisponuntur‚
678 1404 751 1442 ut,
798 1394 824 1433 fi
862 1405 935 1445 per
968 1394 1174 1434 minimam

50 1460 149 1501 licet
185 1474 337 1502 moram
379 1465 506 1515 quieti
549 1463 698 1504 fuerint
742 1461 935 1514 expoliti,
979 1461 1174 1502 facillime

50 1542 187 1571 mutua
225 1530 364 1572 locum
403 1533 547 1573 habeat
587 1530 875 1571 molecularum
903 1532 1011 1572 actio
1052 1531 1093 1570 e‘t
1113 1543 1175 1570 re-

50 1601 159 1640 actio
187 1600 227 1638 in
258 1600 295 1640 se
326 1602 526 1650 invicem,
569 1613 736 1653 quarum
779 1600 983 1640 seminium
1019 1600 1101 1654 jam
1131 1602 1173 1640 in

48 1668 138 1722 ipso
162 1681 334 1721 corpore
359 1669 437 1709 fuit
464 1671 511 1710 iis
535 1672 874 1723 impraegnatum,
906 1682 981 1722 pro
1009 1669 1171 1710 diversis

48 1735 146 1779 vero
188 1738 492 1780 circumstantiis
542 1736 733 1780 diversam
787 1739 1171 1792 originem-sistunt

49 1809 290 1862 corporibus
317 1810 433 1849 novis
464 1810 664 1866 organicis
692 1808 888 1850 animatis.

503 1948 527 2001 ς
558 1947 713 1990 XLIX.

107 2085 221 2128 Hanc
272 2087 503 2128 sententiam
532 2087 556 2128 fi
585 2090 731 2129 nostris
751 2083 961 2128 >Entozo'i's
994 2087 1172 2141 applica-

50 2169 162 2206 musffi
194 2169 319 2210 acque
348 2157 467 2199 facilc
495 2158 637 2200 horum
660 2161 781 2199 etiam
815 2159 933 2213 origo
976 2159 1171 2213 explicari

718 2239 750 2249 ,
1097 2240 1171 2281 po,
