1519 2729
555 120 692 209 (57
752 153 775 206 3

106 291 229 330 mium
274 290 426 344 species
454 292 493 330 in
525 289 688 331 homine
721 291 977 338 observatae,
1024 290 1048 331 fi
1082 296 1228 340 jomnes

106 360 145 399 in
173 361 322 412 primae
349 360 549 400 foeminae
575 373 750 414 corpore
795 372 1007 402 contentae
1037 359 1227 408 fuerunt,

90 441 256 485 *corpus
271 430 432 481 quidem
447 430 526 470 hoc
542 429 657 471 valde
674 429 1071 478 vermi1iosum'fuit3
1103 458 1132 480 „
1161 441 1230 468 au-

106 511 218 539 reum
242 498 675 554 I-lelminthologorum
691 513 831 541 aevum
859 493 995 540 fuisse‘
1009 498 1169 538 videtur
1184 496 1229 546 ‚''

105 570 160 610 ait
190 569 533 610 Breanserus.
621 570 777 612 Modus
807 582 971 624 quoque
1002 581 1084 620 quo
1125 581 1230 616 ova,

104 651 157 679 ex
187 641 296 679 omni
326 641 510 693 corporis
539 652 652 693 parte
680 640 896 692 absorpta,
934 652 1006 692 per
1035 639 1234 691 sanguinis

106 708 270 749 massam
311 708 467 758 delata,
513 711 670 750 tandem
714 721 763 748 ex
805 710 906 749 uteri
946 709 1044 748 vafis
1087 709 1126 747 in
1166 707 1236 748 illa

105 778 244 819 foetas
273 777 478 826 serantur,
509 772 714 832 praeterea
745 791 837 818 cum
868 778 1140 833 magnitudine
1170 775 1237 817 sua
1300 788 1302 790 ·

105 848 291 889 vasorum
333 848 634 905 absorbendum
677 847 817 890 oscula
856 848 979 903 longe
1022 849 1234 902 superent,

104 918 204 973 fingi
233 920 388 971 nequit.

162 988 358 1030 Encozoa·
386 990 511 1043 igitur
540 988 566 1029 fi
597 1001 618 1028 a
648 987 747 1028 foris
777 1000 860 1028 non
899 988 1123 1037 accedant,
1167 984 1236 1028 ne-

108 1071 186 1112 que
213 1059 238 1098 fi
271 1059 394 1111 patris
418 1058 483 1098 vel
504 1059 648 1112 >matris
678 1070 757 1110 ope
787 1059 827 1098 in
857 1057 1014 1111 prolem
1057 1057 1237 1098 deferan-

109 1141 199 1176 tur,
231 1128 333 1172 nihil
364 1139 486 1169 restat
531 1129 628 1181 quin
657 1128 869 1170 statuamus
909 1141 955 1169 ea
991 1130 1030 1168 in
1061 1140 1237 1183 corpore

104 1200 249 1240 creari.
442 1244 444 1246 v

168 1269 389 1310 Generatio
420 1267 735 1324 aequivoca‘vel
766 1271 982 1325 spontanea
1022 1269 1129 1322 apud
1157 1268 1237 1309 Ve-
1263 1288 1270 1293 ·

108 1351 213 1379 teres
257 1339 340 1380 fere
381 1352 520 1380 omncs
561 1354 724 1393 recepta
762 1352 872 1389 erat,
919 1341 1069 1393 diuque
1107 1341 1271 1394 viguit·

106 1419 236 1462 usque
262 1409 356 1450 dum
387 1408 427 1450 H
443 1423 465 1449 a
481 1423 500 1450 r
515 1423 540 1461 γ
556 1424 577 1450 e
595 1425 619 1462 y
635 1425 659 1452 u
675 1424 692 1450 s
717 1411 927 1451 statueret:
973 1439 1012 1462 „›
1034 1410 1237 1450 omnevio
1296 1416 1302 1419 ⁴

104 1491 203 1519 vum
243 1491 293 1519 ex
334 1479 461 1520 ovo.'’
535 1480 643 1521 Illud
685 1482 817 1535 magni
849 1482 924 1521 viri
960 1473 1238 1521 dictum'non

107 1561 297 1603 magnum
343 1550 530 1590 omnibus
571 1552 638 1592 diu
693 1552 910 1604 probatum
948 1551 1051 1600 fuit,
1105 1561 1238 1602 neque

103 1629 193 1659 erat
221 1620 311 1671 quis
356 1620 425 1672 qui
464 1619 581 1661 aliam
620 1615 854 1662 sententiam
895 1621 1124 1675 proferret,
1169 1618 1234 1659 vel

108 1688 292 1742 proferre
332 1690 536 1740 auderem·
566 1693 783 1732 recentiori
819 1703 1004 1745 tempore
1028 1702 1238 1745 oppugna-

110 1768 194 1798 tum
225 1757 302 1807 suit
329 1773 349 1800 a
378 1759 563 1813 pluribus
593 1763 721 1815 iisque
751 1763 924 1816 egregiis
951 1762 1060 1801 viris.

166 1828 535 1881 Needhamii,
589 1832 978 1886 Wrisbergii‚
1037 1842 1113 1871 nec
1155 1841 1239 1870 non

110 1900 418 1942 Trevirani
449 1902 657 1944 laboribus
678 1905 855 1943 evictum
880 1914 940 1942 est
957 1932 968 1949 ‚
999 1899 1241 1941 animalcula

108 1971 303 2012 infusoria
330 1985 411 2012 non
441 1985 490 2014 ex
520 1975 628 2022 oviS,
671 1974 735 2014 sed
770 1972 986 2024 spontanea
1013 1964 1241 2027 generatio-

110 2053 160 2081 ne
187 2044 299 2096 gigni
316 2073 328 2091 ,
372 2056 421 2084 ex
450 2044 588 2084 eadem
615 2032 747 2085 ortum
778 2043 925 2084 ducere
954 2044 1156 2083 materiam
1180 2041 1241 2080 vi-

110 2114 237 2154 ridem
283 2114 311 2155 P
330 2117 409 2154 ric
427 2128 443 2154 s
460 2114 650 2166 tleyan
668 2126 757 2156 am.
846 2112 959 2154 Haec
985 2112 1174 2154 accidunt
1201 2111 1242 2151 in

111 2186 356 2238 corporibus
372 2198 453 2227 non
469 2186 570 2226 vivis
587 2185 684 2239 quid
700 2196 797 2225 vero
814 2183 942 2225 obstat
957 2177 1173 2239 quominus
1195 2181 1240 2220 fi-

1165 2264 1244 2292 ,nn-
