1519 2729
760 213 1010 266 (112)

314 348 393 389 rint
417 348 582 406 judaei,
613 361 743 403 neque
770 363 942 404 uuquam
970 352 1109 404 postea
1135 349 1185 390 ad
1218 359 1302 389 eam
1333 349 1420 403 pla-

312 428 363 458 ne
400 419 472 459 fint
514 418 667 473 relapfi.
727 419 806 460 Sed
845 432 905 460 est
942 420 1040 460 haec
1080 420 1229 473 ingenii
1257 419 1419 460 humani

310 489 440 538 ratio,
481 500 535 546 ut⁴
564 487 679 542 saepe
715 491 878 543 antiqua
916 490 982 530 diu
1011 500 1165 529 maneat
1191 500 1419 528 rerumex-

313 569 509 598 ternarum
552 561 677 608 ratio,
735 572 775 600 et
814 561 966 612 antiqui
1011 571 1143 600 mores
1187 568 1420 604 teneantur,

312 627 407 668 dum
451 640 581 668 tamen
624 628 800 682 ipsorum
836 629 1045 670 hominum
1085 630 1129 670 fit
1161 626 1419 682 progressum

310 697 545 751 ingenium:
591 709 731 737 contra
759 710 857 738 vero
889 697 1023 738 subito
1058 699 1212 738 oriatur
1261 707 1420 736 morum

310 764 725 819 consuetudinumque
750 767 923 808 maxima
963 765 1170 808 converfio
1198 771 1433 821 commuta-·

311 834 474 887 tioque,
518 847 619 888 quae
661 835 727 876 diu
760 847 992 890 praeparata
1029 848 1102 889 per
1128 834 1296 890 longum
1319 846 1420 875 tem-

308 905 422 957 poris
446 904 697 945 intervallum
721 904 866 954 latuit,
899 906 1055 946 tandem
1085 918 1181 947 vero
1214 905 1419 958 erumpit,

310 984 352 1012 et
387 975 497 1014 omni
532 974 602 1015 suo
642 976 782 1029 vigore
815 975 894 1015 sese
917 976 1106 1016 ostendit.
1166 974 1308 1017 Docet
1337 974 1420 1014 hoc
1460 979 1469 983 ”

310 1045 441 1084 omnis
467 1044 634 1085 historia
663 1043 776 1098 (a);
808 1044 956 1086 docent
985 1059 1075 1086 cum
1103 1045 1178 1086 alia
1204 1043 1419 1097 exempla,

312 1123 397 1153 tum
426 1125 472 1154 ca
498 1113 608 1167 ipsa,
639 1127 740 1166 quae
764 1126 876 1171 antea
897 1115 1131 1164 attulimus,
1173 1126 1214 1154 et
1240 1113 1420 1155 Arabum

310 1194 353 1223 et
383 1185 562 1237 gentium
581 1182 911 1237 Europaearum‚
941 1184 1243 1224 Mobammedis
1272 1193 1312 1222 et
1337 1181 1422 1222 Lu-

313 1253 417 1293 theri
455 1264 596 1294 aetate.
681 1252 797 1307 Quae
838 1254 1001 1307 quidem
1046 1253 1161 1306 supra
1202 1251 1421 1307 significata
1469 1301 1475 1306 .

314 1323 395 1364 hoc
421 1323 519 1364 loco
553 1322 602 1364 ad
626 1326 683 1363 rei
716 1324 909 1378 majorem
935 1323 1260 1377 perspicuitatem
1296 1323 1421 1378 paulo

312 1379 474 1432 uberius
501 1391 589 1432 sunt
613 1392 863 1445 exponenda,

371 1460 507 1516 Quem
559 1463 666 1502 enim
718 1462 851 1517 fugit,
907 1475 1023 1516 quam
1080 1463 1219 1504 misere
1270 1461 1419 1517 religio

312 1531 544 1573 Christiana
585 1532 720 1572 medio
765 1545 866 1572 aevo
916 1532 1036 1573 fuerit
1084 1532 1329 1586 depravata?
1375 1531 1421 1573 In

272 1620 276 1623 ·
313 1601 504 1643 omnibus
530 1601 614 1643 fere
649 1601 813 1642 aedibus
851 1602 970 1643 sacris
1003 1602 1252 1643 habebantur
1284 1602 1419 1641 ἔιδωλω

311 1670 538 1712 sanctorum
574 1671 975 1726 Apostolorumque,
1021 1673 1168 1726 quibus
1195 1673 1327 1713 honos
1353 1671 1421 1713 de-

311 1742 452 1793 inceps
477 1743 727 1782 tribuebatur
751 1743 922 1783 divinus.
982 1742 1026 1782 In
1043 1744 1170 1795 patria
1185 1743 1305 1783 etiam
1324 1754 1420 1782 nos·

308 1820 366 1847 tra
393 1821 534 1850 eorum
560 1810 692 1851 cultus
723 1824 840 1864 quam
870 1813 1040 1853 maxime
1067 1812 1261 1862 invaluit,
1293 1813 1421 1865 iisque

307 1877 522 1919 admodum
564 1880 753 1921 delectari
791 1882 1028 1922 videbantur
1068 1883 1239 1937 majores
1279 1884 1419 1922 nostri.

310 1949 368 1987 At
389 1961 487 1988 vero
513 1960 657 1989 exorto
685 1949 867 1991 Luthero
896 1963 937 1991 et
964 1951 1164 2002 Calvino,
1196 1965 1313 2006 quam
1335 1952 1421 2006 pla-

310 2031 360 2058 ne
401 2019 552 2060 diversa
591 2023 767 2062 cernitur
806 2022 949 2077 agendi
993 2023 1129 2064 ratio?
1187 2021 1272 2078 Qui
1307 2033 1422 2062 antea

1322 2093 1420 2134 hacc
1484 2100 1487 2103 '

357 2174 419 2221 (a)
443 2179 540 2212 Couf.
565 2180 694 2213 omniuo
723 2181 858 2215 Charles
881 2182 1022 2223 villers,
1046 2181 1136 2224 Effusi
1156 2181 1216 2224 fin·
1236 2171 1356 2226 l'eljoffit
1389 2190 1420 2216 ct

310 2232 481 2275 l'influcncc
506 2235 542 2267 de
562 2236 596 2268 la
623 2234 824 2280 refhrnmtion
837 2239 875 2273 de
887 2237 1030 2280 Ludzer,
1054 2239 1207 2282 imprimis
1222 2249 1294 2282 pag·
1309 2248 1419 2282 12-35·
