1519 2729
10 1978 15 2043 ¹,

16 2137 20 2172 'a

533 193 756 274 (33)

90 338 356 389 cogerentur,
387 346 468 376 non
496 345 682 389 poterant
710 346 791 376 non
821 331 994 376 fervido·
1004 335 1090 391 ejus
1132 337 1198 382 in-

88 405 216 447 cendi
235 417 400 456 amore,
430 418 596 459 eamque
625 405 814 446 omnibus
841 405 995 446 viribus
1018 407 1118 471 tueri
1148 420 1195 448 ac

89 466 290 516 vindicare
319 474 369 515 ad
397 487 571 516 mortem
596 488 724 530 usque
755 476 1006 518 constantes}

146 542 263 599 Quae
317 544 524 599 hucusque
570 545 928 599 perlustravimus
940 552 1024 588 tam
1076 547 1202 589 multa

90 607 250 667 tamque
279 616 415 668 gravia
444 615 532 656 sunt
549 645 562 664 ,
607 626 650 655 ut
677 614 768 655 satis
796 615 1202 671 superque-filffecis-

89 683 129 724 se
169 683 376 725 videantur
417 685 466 725 ad
510 684 764 726 idololatriae
799 676 976 727 vstudium
1030 699 1079 728 ex
1121 685 1206 727 He-

89 752 303 794 braeorum
333 756 473 795 animis
505 756 663 808 penitus
692 754 998 808 exstirpandum.
1031 751 1033 753 ’
1073 756 1209 798 Acc'e-

90 823 149 864 dit
176 836 274 864 vero
303 825 423 874 etiam
450 824 632 878 aliquid,
663 838 747 878 quo
775 826 873 866 mihi
904 826 1066 879 quidem
1096 826 1208 866 vide-

91 904 156 934 tur
191 893 386 948 lingulare
426 895 590 947 prorsus
631 895 756 935 robur
795 894 886 936 addi
928 896 1046 949 posse
1086 896 1211 937 caufis

90 975 182 1003 ante
224 963 445 1013 exhibiti33
488 975 633 1020 genere
677 961 840 1017 quidem
883 965 954 1005 suo
999 965 1211 1018 *pertinens

89 1032 193 1073 illud
220 1032 270 1072 ad
292 1034 597 1074 vaticinationes
624 1046 647 1073 a
674 1031 890 1087 Prophetis
920 1035 1074 1084 editas,
1108 1045 1208 1088 quas

90 1101 215 1142 modo
258 1104 665 1143 commemoravimus
719 1103 790 1144 suo
833 1103 959 1152 locoz,
984 1095 988 1099 ’
1015 1104 1213 1157 temporis

90 1184 190 1231 ver-o
243 1174 396 1213 ratione
437 1173 573 1213 habita
629 1186 723 1215 cum
777 1182 1026 1226 postremum
1067 1175 1107 1213 in
1149 1174 1212 1214 his

93 1244 354 1296 occupaverit
393 1242 562 1296 loc-um5
605 1254 646 1283 et
670 1244 751 1283 ·vi·
779 1242 845 1282 sua
871 1238 990 1282 unice
1022 1242 1119 1283 mihi
1149 1244 1209 1283 vi·

93 1313 255 1354 deretur
281 1312 460 1367 insigne,
512 1312 672 1371 seorsim
720 1311 822 1354 illud
850 1323 989 1352 notare
1029 1323 1070 1352 et
1113 1312 1211 1353 huic

94 1382 193 1424 loco
237 1382 389 1424 servare
422 1383 561 1424 volui.·
610 1376 780 1424 Scilicet
806 1373 1031 1432 Chaldaei,
1074 1394 1097 1421 a
1121 1383 1212 1435 qui-

96 1453 171 1494 bus
233 1452 410 1493 Hebraei
465 1454 506 1492 in
561 1451 743 1493 exsilium
798 1443 954 1492 fuerant
983 1468 985 1472 ⁴
1015 1450 1211 1501 abducti,

97 1522 329 1576 complures
377 1523 457 1577 jam
502 1534 628 1564 annos
668 1533 741 1575 per
781 1529 907 1561 totar'n
950 1520 1036 1561 fere
1079 1512 1215 1562 Afiam

98 1592 255 1634 fuerant
294 1591 517 1642 dominati,
560 1585 797 1645 nullumque
827 1603 914 1631 non¹
937 1590 1075 1632 Deum
1105 1592 1215 1645 quali

98 1662 410 1704 debellaverant.
472 1662 729 1703 Videbantur
755 1663 899 1715 itaque
927 1660 993 1702 illi
1033 1664 1116 1702 non
1144 1674 1213 1702 va-

97 1745 189 1774 nam
231 1734 271 1787 in
301 1731 395 1773 Diis
431 1732 508 1773 suis
533 1731 724 1774 'fiduciam
751 1730 944 1785 posuisse.
1004 1729 1218 1771 Praedixe-

99 1813 187 1842 rant
221 1813 354 1842 autem
389 1813 498 1842 vates
523 1801 761 1850 Israfflstiei,
804 1800 920 1849 fore,
962 1811 1008 1840 ut
1033 1800 1217 1853 Babylo-

100 1872 190 1912 niae
239 1883 406 1926 regnum
454 1870 633 1912 funditus
676 1863 971 1911 subverteretur
1024 1884 1047 1911 a
1116 1870 1231 1911 Mer

103 1941 164 1982 dis
191 1937 273 1996 (a)
289 1971 303 1992 ‚
333 1931 453 1994 atque
481 1952 576 1994 post
599 1941 847 1995 septuaginta
871 1951 1066 1981 annorum
1096 1939 1215 1993 spati-

1149 2021 1218 2051 um

152 2157 216 2203 (a)
239 2160 306 2208 Jes.
320 2159 401 2194 Xlll
416 2179 432 2188 -
446 2159 533 2194 XIV:
557 2159 598 2194 28
614 2184 625 2201 ,
649 2159 737 2194 XXI:
763 2168 777 2193 ι
798 2179 812 2185 -
830 2167 864 2194 11
885 2182 896 2200 ,
919 2156 1053 2192 XLVII.
1092 2156 1219 2204 Jerem.

112 2217 140 2251 L
155 2242 166 2257 ‚
190 2218 247 2251 Ll:
279 2227 292 2251 1
314 2237 327 2242 -
341 2225 397 2259 59.

657 2262 748 2315 1⁴⁴2
