1519 2729
685 173 729 236 (⁷
769 179 829 243 78
890 177 915 232 )

237 316 432 368 theoriam
463 325 629 364 monet,
670 316 776 356 inter
806 317 961 369 optima
1003 315 1207 368 pertinent
1248 325 1365 369 argu,

236 399 397 437 menta,
455 386 602 439 quibus
655 384 755 426 haec
814 385 968 427 theoria
1007 385 1170 426 refutari
1213 374 1366 438 potest]

235 456 436 498 Monente
465 456 572 495 enim
599 454 808 509 Monge
839 453 946 508 (ι),
977 455 1134 510 vulgari
1170 466 1366 507 tempera—

236 520 351 575 turass
383 525 454 566 sub
484 524 684 577 presfione
711 525 1042 578 atmosphaerae,
1086 536 1211 577 aquae
1241 536 1367 576 vapo-

235 607 299 636 res
339 596 434 635 oriri
471 604 701 645 nequeunt,
743 595 814 635 nifi
858 595 908 634 ab
942 595 1033 634 a'e're
1070 592 1366 641 dissolvantur;

236 676 407 717 vapores
435 675 592 713 tamen,
623 676 721 715 quas
750 664 977 704 observavit
1005 663 1053 702 de
1089 661 1369 710 Luc,'or1e·

236 734 382 779 bantur
412 732 568 787 vulgari
610 744 905 786 temperatura,
951 731 1020 772 sub
1065 731 1369 784 atmosphaerae

236 803 440 857 presfione
456 832 469 852 ‚
499 804 555 843 ita
581 814 712 845 tamen
734 815 780 845 ut
806 816 889 844 non
916 800 1244 844 dissolverentur.

293 872 428 914 Recte
453 883 586 914 ortum
615 885 813 927 vaporum
840 872 1056 916 vifibilium
1085 870 1150 912 vel
1191 869 1369 912 invifibiz

235 941 336 989 lium
363 941 550 983 relationi
575 944 717 985 tribuit
743 943 919 985 diversae
936 974 949 994 ,
980 943 1082 984 aeris
1109 944 1215 983 inter
1239 953 1286 982 ac
1317 940 1368 984 li:-

235 1011 350 1067 quidi
376 1024 704 1065 temperaturam.

294 1081 352 1123 Et
378 1082 477 1123 haec
507 1082 556 1123 de
586 1082 654 1123 illa
679 1083 837 1123 theoria
878 1082 1099 1132 sufficiant,
1144 1092 1274 1134 quae,
1319 1079 1370 1120 li-

235 1163 304 1193 cet
326 1152 533 1193 nonnullis
555 1151 858 1194 difficultatibus
889 1152 1075 1200 laboret,
1106 1149 1265 1191 abunde
1301 1149 1370 1193 εἱς-ν.

237 1221 498 1272 monstravit,
529 1222 580 1262 ad
607 1223 937 1275 evaporationem
964 1220 1246 1276 explicandam
1291 1219 1371 1261 dis·.

237 1291 440 1335 solutione
464 1293 628 1333 minime
657 1304 760 1346 opus
789 1291 888 1333 esse.

726 1430 751 1484 ς
781 1428 878 1472 XJ1.

349 1571 622 1629 Dijudicatio
651 1568 858 1612 Theoriae
887 1567 951 1610 Cl.
979 1582 1039 1615 m:
1068 1567 1261 1612 SAUSSU-
1295 1608 1298 1611 ,

718 1655 774 1682 RE
804 1637 900 1694 (2).

294 1781 408 1825 Haec
437 1783 620 1831 theoria,
651 1782 799 1834 partim
829 1780 879 1821 ad
908 1780 994 1837 CI.¹
1013 1781 1062 1822 de
1090 1779 1235 1829 Luc,
1278 1793 1370 1834 par-

238 1855 311 1894 tim
366 1852 416 1894 ad
466 1851 742 1894 dissolutionis
791 1850 990 1908 theoriam
1034 1849 1174 1890 referri
1213 1851 1372 1903 possit,

238 1937 352 1978 quo,
397 1935 539 1978 magna
577 1935 654 1975 pro
690 1931 830 1975 parte,
879 1919 1214 1973 praecedentibus
1253 1933 1372 1974 param

239 1994 401 2049 graphis
442 1993 524 2047 Jam
562 1992 801 2047 investigata
840 2001 931 2040 est;
973 1989 1200 2031 videbimus
1244 1990 1369 2045 igitur

1281 2069 1366 2099 tan·

254 2196 257 2199 ¹
285 2146 349 2193 (1)
372 2148 449 2185 Vid.
472 2150 612 2188 Annales
636 2150 674 2184 de
699 2149 835 2190 Cffimie,
858 2150 953 2189 Tom,
974 2150 1015 2187 V.
1037 2158 1111 2193 pag.
1133 2151 1190 2184 28.

284 2203 349 2250 (2)
373 2205 448 2242 vid.
475 2206 571 2249 hujus
598 2209 787 2243 Comment.
815 2209 833 2252 §
858 2217 890 2251 3.
