1519 2729
739 214 966 272 (82)

269 355 439 398 libidine
467 352 688 405 mutabile,
730 353 797 396 sed
825 355 1012 408 prudenti
1042 354 1211 398 consilio
1234 356 1282 397 ab
1311 355 1402 409 ipso

270 425 394 475 Deo,
425 425 520 466 huic
551 424 621 465 fini
649 425 908 478 procurando
924 424 1208 467 constitutum.
1239 443 1285 452 —
1315 423 1402 479 Qui

266 495 377 534 enim
403 492 572 535 alterum
598 492 754 547 obligat
795 494 846 535 ad
886 495 1032 543 finem,
1077 495 1260 536 censetur
1298 506 1402 547 quo-

267 576 377 617 que,
420 554 592 604 eundem
636 563 818 621 obligare
856 564 908 605 ad
937 564 1157 617 usurpanda
1196 564 1326 604 media
1354 562 1405 604 ad

267 633 397 687 ipsum
434 632 554 673 finem
583 624 816 673 neeessaria.
858 653 905 664 —-
944 633 1235 675 Permittuntur
1270 633 1406 685 itaque

269 715 322 744 ex
347 702 535 744 libertate
570 700 744 755 naturali
769 703 952 742 actiones
991 702 1114 751 illae,
1155 701 1304 754 quibus
1343 712 1406 741 re-

268 772 461 827 pellimus
474 783 566 819 eos,
597 772 667 823 qui
697 770 808 811 hisce
823 771 963 812 mediis
979 771 1254 818 adversantur,
1279 768 1406 818 adeo,

269 854 316 884 ut
340 826 594 895 permittaiur
621 840 769 893 cuique
797 841 835 881 se
868 841 1082 882 defendere
1115 851 1255 881 contra
1283 840 1407 893 injus-

273 923 358 952 tum
388 909 692 964 aggressorem‚
739 910 765 950 fi
792 910 878 964 ejus
906 912 988 951 vita
1026 910 1193 950 neminis
1224 909 1407 960 interfitr,

272 977 480 1033 obligetur
493 979 653 1020 demum
670 981 841 1033 quisque
857 1011 869 1029 ‚
902 981 928 1022 fi
944 981 1028 1033 ejus
1046 991 1174 1020 morte
1191 980 1418 1020 maximum

274 1047 463 1089 damnum
505 1049 593 1089 aliis
630 1049 837 1091 inferatur.
867 1069 913 1079 —-
942 1050 1014 1104 Jus
1038 1051 1172 1102 itaque
1202 1047 1333 1097 illud,
1364 1058 1409 1088 ut

272 1107 459 1168 videtur,
506 1130 556 1159 ex
584 1120 704 1172 ipfius
747 1119 777 1161 P
794 1119 926 1161 ufen
944 1119 968 1160 d
986 1118 1133 1160 orfii
1172 1119 1307 1159 animo
1332 1119 1410 1158 rite

273 1181 450 1236 dixeris,
481 1187 590 1241 quod
616 1201 696 1229 non
725 1197 938 1243 repugnat
957 1186 1245 1244 sociabilitati
1273 1186 1406 1229 homi-

272 1269 401 1306 num,
433 1257 619 1311 quodque
646 1257 734 1298 ideo
757 1258 1036 1312 permittitur
1067 1255 1161 1311 (1).

333 1325 415 1369 Sed
443 1337 484 1368 et
505 1325 696 1369 socialem
726 1328 848 1370 vitam
871 1339 894 1368 a
921 1325 1018 1369 Deo
1056 1326 1292 1369 hominibus
1327 1337 1407 1380 pro

1336 1408 1412 1437 im-

323 1516 388 1564 (1)
410 1520 540 1563 Rejicit
569 1520 704 1566 quidem
722 1521 804 1556 hanc
826 1522 907 1565 legIs
933 1520 1180 1565 permistionem
1195 1521 1234 1554 de
1254 1518 1290 1556 J.
1310 1520 1356 1555 N.
1381 1527 1415 1555 et

275 1574 359 1613 G.·1.
374 1588 405 1612 c.
419 1579 476 1612 VI.
492 1580 510 1623 §
544 1589 595 1623 15.
611 1587 646 1612 et
659 1587 820 1623 provocat
836 1578 947 1621 potius
961 1577 1201 1611 ad'libertatem
1215 1578 1391 1610 naturalem
1403 1601 1416 1617 ‚

276 1643 374 1677 qnam
406 1636 459 1668 alii
496 1636 646 1669 intactam
678 1638 807 1670 servare
845 1635 1041 1676 obligantur.
1096 1659 1118 1676 „
1143 1632 1209 1666 Sed
1239 1632 1324 1666 unde
1362 1634 1416 1667 illa

276 1690 433 1732 libertas,
469 1690 527 1725 nisi
555 1693 754 1735 intelligatur
777 1692 938 1726 silentium
962 1693 1019 1725 seu
1044 1691 1140 1723 tacita
1164 1688 1335 1733 permisfio
1377 1689 1416 1722 il-

277 1746 360 1787 lius,
385 1747 442 1789 qui
464 1757 532 1781 eam
554 1748 741 1782 libertatem
763 1751 875 1792 posset
903 1747 1100 1790 restringere
1115 1747 1152 1781 ?'’
1184 1747 1291 1790 inquit
1321 1747 1417 1780 Bar-

277 1800 470 1845 beyrac
501 1803 595 1840 adh.
617 1807 641 1840 1.
668 1807 713 1841 N.
731 1818 750 1842 2
781 1814 872 1847 et3.
925 1804 1018 1837 Idem
1039 1802 1078 1836 ad
1110 1802 1418 1844 G1·otium‚de

273 1857 500 1894 .7..BetP.
526 1862 554 1895 I.
582 1871 614 1895 c.
634 1870 675 1896 1.
703 1864 771 1907 §9.
800 1863 846 1897 N.
873 1871 907 1904 5.
935 1861 1153 1901 etTitius‚
1189 1861 1236 1894 ad
1273 1859 1419 1902 Pufide

279 1911 342 1955 Off.
361 1914 405 1948 H.
427 1922 460 1948 et
480 1917 516 1950 C.
540 1918 586 1951 N.
609 1927 666 1960 50.
707 1919 814 1963 lpfius
844 1919 940 1952 etiam
967 1915 1300 1951 Pufendorfii
1338 1926 1417 1950 ver·

277 1968 345 2009 ba,
368 1980 432 2004 non
456 1972 527 2005 satis
556 1972 614 2007 fibi
637 1983 837 2017 congruunt.
885 1973 986 2019 Quod
1015 1974 1102 2007 enim
1132 1982 1310 2015 negaverat
1335 1974 1363 2008 Ι.
1383 1983 1415 2007 c.

274 2027 309 2060 6.
352 2027 370 2069 §
418 2035 468 2070 15.
498 2027 655 2062 affirmare
684 2028 819 2065 videtur
842 2032 920 2066 Lib.
950 2032 994 2065 Π.
1023 2041 1053 2065 c.
1082 2039 1114 2073 5.
1139 2031 1157 2074 §
1191 2039 1204 2063 1
1234 2037 1268 2062 et
1297 2040 1329 2064 2.
1360 2030 1418 2071 ubi

271 2083 321 2116 La
337 2092 454 2117 nature
469 2095 601 2128 petinet
615 2087 743 2122 d'avoir
769 2099 890 2122 recours
911 2091 934 2123 ὰ
960 2088 995 2121 la
1008 2085 1098 2129 force
1122 2110 1132 2120 .
1156 2110 1167 2120 .
1191 2110 1201 2120 .
1222 2086 1255 2119 Il
1269 2097 1288 2128 y
1314 2099 1338 2120 a
1356 2098 1418 2121 une

264 2138 371 2184 fiml’le
398 2141 590 2183 Perniisfion
606 2144 646 2176 de
667 2152 743 2179 tuer
764 2144 974 2189 l'aggresseur
998 2151 1066 2178 etc.
1126 2140 1273 2175 Addatur
1307 2144 1326 2176 S
1343 2154 1364 2186 y
1378 2154 1418 2186 p-

272 2193 420 2236 kens,
467 2199 550 2232 Crit.
585 2200 679 2243 Mag.
711 2202 753 2236 V.
776 2212 849 2244 pag.
879 2212 962 2245 340,
1005 2199 1062 2233 ubi
1092 2206 1127 2233 et
1155 2197 1267 2233 videas
1297 2200 1418 2234 Men*

266 2247 466 2294 delitiis,
503 2261 539 2287 et
578 2250 767 2290 Pederi
798 2257 995 2292 sententias.
