1519 2729
579 138 801 202 (91)

125 284 195 334 re,
235 294 297 325 ut.
321 280 523 323 miscelam
561 281 736 324 forment
763 283 1088 337 homogeneamt,
1131 281 1243 336 quod

127 353 319 406 explicari
358 365 440 393 non
479 352 596 406 posse
634 365 683 395 ex
732 353 994 407 hyphothefi,
1035 337 1241 394 nonnullis

123 421 248 463 visum
274 433 347 462 cst.

183 491 276 533 Hoc
305 502 434 532 tamen
458 490 577 533 facile
601 492 795 534 refutatur
807 492 1100 547 explicatione,
1122 503 1243 546 quam

124 561 362 610 retulimus,
401 562 449 602 de
488 564 773 615 evaporatione
801 563 871 604 sub
898 565 999 605 aeris
1027 564 1247 616 presfione.·

126 630 191 672 Ex
218 631 287 672 illa
314 633 421 672 enim
448 631 717 685 explicatione
743 645 880 686 patet,
924 636 1244 687 penetrationem

126 700 232 742 lente
260 701 480 753 procedere
505 701 679 751 debere,
710 715 759 743 ex
788 703 869 755 ipsa
903 701 1130 754 hypothesi.

183 770 276 811 Alia
315 771 391 812 fuit
421 771 629 824 obJectio‚
674 770 813 824 quod,
851 772 876 812 fi
905 771 1115 811 fluidorum
1144 770 1244 812 elas-

127 838 300 879 ticorum
341 851 462 879 unum
506 841 545 878 in
580 840 786 881 interstitia
809 840 971 881 alterius
1000 842 1144 890 intret,
1189 842 1246 882 ita

126 921 173 948 ac
204 908 227 948 fi
254 909 421 961 spatium
445 921 526 948 uno
547 909 708 960 plenum
738 912 892 951 ratione
931 910 1093 949 alterius
1125 923 1247 951 vacu-

126 990 192 1017 um
221 977 347 1025 esset,
380 977 570 1017 volumen
598 990 680 1018 non
709 981 868 1033 augeri,
899 980 1064 1020 denfitas
1091 990 1113 1018 e
1144 991 1244 1019 con·

127 1057 186 1086 tra
214 1059 392 1087 crescere
413 1047 605 1096 deberet,
636 1047 692 1086 ita
720 1057 764 1087 ut
789 1049 857 1088 aer
885 1047 1070 1089 humidus
1092 1049 1247 1100 ponde-

68 1139 77 1142 -
125 1117 251 1157 rofior
293 1117 396 1157 esset
429 1130 550 1171 quam
571 1119 640 1159 acr
669 1118 825 1168 ficem,
869 1119 981 1172 quod
1006 1124 1140 1159 tamen
1163 1130 1248 1160 non

126 1186 346 1227 obtinetur.

183 1254 300 1298 Hanc
324 1257 598 1312 objectionem
620 1257 812 1299 refutavit.
835 1256 876 1298 D
891 1257 1011 1298 alto
1026 1270 1052 1298 n
1083 1258 1250 1312 sequen·

126 1326 157 1366 ti
182 1327 331 1368 modo:
362 1341 429 1368 vas
466 1328 733 1380 cylindricum
762 1329 853 1368 aere
880 1326 1080 1380 repleatur
1109 1330 1247 1378 sicco,

124 1406 166 1436 et
194 1397 234 1436 in
263 1399 463 1437 mercurio
488 1399 732 1445 invertatur,
777 1398 831 1437 ita
867 1408 912 1438 ut
940 1399 1089 1451 presfio
1126 1399 1248 1439 inter·

123 1477 174 1506 na
206 1477 250 1507 et
292 1467 442 1520 pressio
479 1480 646 1509 externa
679 1469 718 1508 in
747 1467 988 1521 aequilibrio
1016 1469 1116 1517 sint,
1154 1468 1247 1508 dein

130 1534 172 1575 in
198 1548 265 1576 vas
293 1535 425 1589 aliqua
452 1536 595 1590 liquidi
622 1540 820 1592 quantitas
858 1538 1162 1587 introducatur,
1207 1548 1248 1579 et
1301 1533 1304 1538 ’

130 1616 330 1657 vaporeS,
376 1619 425 1647 ex
465 1607 556 1648 inde
586 1610 783 1658 orientes,
824 1610 926 1650 aeris
964 1609 1168 1650 interstitia
1194 1610 1249 1649 ita

127 1673 371 1728 replebunt,
401 1689 447 1717 ac
478 1677 503 1717 fi
530 1691 702 1719 ‘vacuum
731 1678 867 1719 fuisset
893 1678 1075 1732 spatium.
1136 1679 1250 1720 Mer-

129 1746 230 1786 curii
260 1745 492 1798 superficies
519 1759 648 1789 autcm
667 1779 680 1798 ,
713 1748 792 1789 hoc
822 1750 863 1788 in
889 1749 1007 1798 casu,
1038 1761 1079 1790 et
1107 1750 1156 1789 ab
1183 1750 1248 1790 ae·

130 1826 173 1856 re
199 1817 393 1868 premitur
412 1808 554 1865 ficeo,
583 1829 626 1858 et
648 1831 670 1857 a
693 1819 937 1872 vaporibus,
967 1819 1071 1860 unde
1099 1820 1249 1872 pressio

131 1884 287 1925 interna
314 1885 441 1938 major
473 1885 516 1925 fit
544 1889 744 1939 pressione
775 1900 966 1939 externat,
1005 1890 1250 1942 deprimetur

130 1954 254 2009 igitur
269 1956 509 2006 mercurius,
541 1969 580 1997 et
606 1959 817 2013 augebitur
842 1960 944 1999 a'e'ris
967 1959 1156 2001 volumen
1179 1945 1249 2000 *ea-

128 2022 219 2063 dem
262 2024 444 2074 ratione,
490 2039 567 2078 qua
606 2029 666 2068 vis
702 2027 867 2070 clastica
905 2041 1019 2071 aucta
1054 2041 1127 2070 est.
1188 2028 1249 2070 Ita

128 2094 248 2137 etiam
279 2091 448 2148 vapores
483 2096 521 2135 in
550 2098 639 2138 aere
668 2100 841 2142 orientes
875 2098 1032 2153 libero,
1075 2098 1250 2140 clastici-

129 2173 207 2205 tate
233 2166 322 2217 sua,
349 2177 504 2220 partem
532 2166 724 2210 sustinent
761 2170 1004 2224 presfioniS,
1035 2183 1153 2225 quam
1182 2183 1251 2211 an-

1190 2251 1253 2283 tea
