1519 2729
550 194 575 248 (
639 207 716 249 143
778 192 803 246 )

126 335 328 392 gentiam,
356 342 622 387 argumento,
655 343 695 386 q.
714 332 752 372 d.
770 329 1080 383 cosmologicm
1109 329 1257 380 proba·

126 418 235 455 rem,
277 417 418 458 parum
446 402 578 443 valere
615 403 734 456 posse
779 413 941 442 omnem
983 399 1261 440 ratiocinauio-

128 489 246 525 nem,
273 476 483 516 arbitratus
501 472 601 513 sum.
662 472 708 512 In
723 472 833 512 omni
861 482 994 511 autem
1020 469 1261 521 disputa-tio-

127 559 177 587 ne
207 559 230 587 a
258 545 469 598 principiis
503 542 741 584 ordiendum
767 540 874 588 esse,
902 539 967 580 vel
996 541 1037 580 in
1054 541 1102 579 iis
1119 539 1264 579 finien-

129 618 226 658 dum
254 616 349 657 duxi
365 645 377 663 ‚
409 615 502 667 quia
517 614 616 656 haec
632 610 763 652 nostra
783 611 965 650 nituntur
979 609 1261 663 persuafione,

127 699 210 728 non
250 697 348 726 vero
390 684 760 731 demonstratione3
806 679 895 720 sunt
931 681 1037 720 enim
1074 680 1265 720 veritates

128 758 307 810 primae,
353 755 473 795 nobis
507 767 529 795 a
557 765 696 795 natura
725 752 928 799 imbutae,
960 761 1001 790 et
1027 749 1153 803 longe
1184 750 1269 789 dis·

129 834 296 879 crepant
339 825 390 864 ab
437 825 730 876 hypothesibus
771 832 812 861 et
855 820 1154 873 imaginationis
1203 818 1265 859 ef-

127 895 249 945 fatis,
280 895 428 948 quibus
456 894 746 949 indulgendum
772 903 856 931 non
881 901 957 930 est.

621 1033 661 1086 ς.
693 1030 746 1072 11.

156 1176 226 1219 De
251 1174 408 1231 finibus
425 1206 438 1226 ,
478 1176 524 1217 in
553 1181 721 1215 natura
750 1169 930 1213 hominis
955 1166 1169 1211 rationaii
1195 1177 1237 1208 et

216 1246 376 1287 morali
405 1244 526 1288 haud
555 1241 846 1298 negligendis,
891 1250 1020 1295 atque
1052 1238 1101 1280 de
1125 1237 1180 1294 fi-

586 1327 638 1356 ne
666 1313 827 1353 ultimo.

189 1454 312 1496 Fines
354 1452 660 1507 contemplandi
697 1452 816 1502 sunt,
877 1461 1078 1503 tamquam
1119 1447 1268 1494 series,

134 1527 249 1566 cuius
277 1535 420 1565 auctor
448 1523 562 1565 Deus
589 1535 675 1571 est,
705 1535 809 1575 quae
840 1533 945 1562 nexu
962 1519 1070 1562 finali
1086 1519 1271 1559 extendi-

135 1606 199 1636 tur
221 1607 350 1647 usque
374 1594 424 1635 ad
455 1594 573 1635 finem
601 1593 805 1634 ultimum.

194 1663 327 1717 Ipsum
355 1665 564 1705 hominem
593 1654 773 1718 spectare
814 1661 1037 1709 debemus,
1081 1669 1269 1710 tanquam

138 1734 256 1774 huius
286 1734 398 1773 seriei
445 1746 628 1786 partem,
674 1736 714 1773 in
754 1746 834 1787 qua
876 1730 1162 1785 adspectabilis
1192 1742 1271 1769 una

139 1817 231 1846 cum
259 1803 507 1858 intelligibili
538 1816 579 1845 et
608 1804 752 1845 morali
780 1814 919 1844 natura
947 1813 1008 1841 est
1034 1802 1194 1846 iuncta,

196 1872 351 1929 Quodsi
382 1875 537 1914 remita
553 1875 804 1927 spectemus,
835 1871 955 1914 facile
984 1881 1178 1923 apparet,
1209 1884 1270 1912 ar-

139 1955 374 1999 gumentum
391 1973 404 1993 ,
433 1956 456 1984 e
485 1956 617 1985 rerum
643 1950 782 1986 natura
795 1942 1269 1996 adspectabiiisumtum,

139 2026 221 2055 non
237 2013 321 2053 esse
348 2012 575 2054 absolutum
607 2025 647 2054 et
677 2014 932 2068 perfectum,
965 2011 1031 2052 sed
1059 2012 1270 2052 continere

142 2082 422 2124 tantummodo
454 2094 606 2135 partem
652 2085 884 2125 inferiorem
913 2082 1025 2122 seriei
1056 2093 1195 2121 eorum
1225 2081 1271 2121 fi-

140 2153 279 2202 nium,
311 2154 379 2206 qui
410 2152 522 2193 fimul
552 2153 639 2194 sunt
664 2154 891 2195 adiumenta
928 2151 978 2192 ad
1020 2150 1272 2204 consequen-

143 2222 217 2264 dos
245 2223 347 2266 alios
388 2222 486 2264 fines
512 2236 664 2279 eosque
694 2224 933 2279 superiores.
958 2262 979 2269 ,,
1268 2260 1271 2265 .

1195 2288 1273 2331 Ni-
