1519 2729
699 131 952 193 (¹06)

279 267 568 322 tentationibus
619 285 748 318 rerum
765 303 779 325 ,
839 277 982 317 mentis
1024 273 1177 317 nostrae
1227 270 1408 326 formis,'

276 348 375 404 quid
391 348 509 390 rebus
537 346 629 401 ipsis
654 358 861 400 competat
877 378 890 395 ‚
914 347 1112 389 nescirent
1136 344 1400 399 philosophi,

275 428 370 461 cum
401 418 595 472 denique,
626 415 675 456 de
705 417 843 469 quavis
872 417 956 458 fere
997 415 1140 466 causei,
1185 416 1225 455 in
1253 411 1403 456 utram-

275 499 355 543 que
388 499 540 542 partem
568 485 836 540 probabiliter
863 488 1052 540 disputari
1093 486 1302 534 audirent,
1344 485 1403 526 fa·

275 557 358 601 esse
400 561 440 600 in
490 569 713 599 extremum
753 556 955 609 quoddam
997 568 1111 597 ruere
1156 566 1404 609 potuerunt.

277 628 391 684 quod
426 627 490 669 vel
534 626 617 680 ipsa
654 625 797 666 docuit
826 626 1086 680 experientia.
1146 625 1206 666 Ita
1236 627 1324 666 iam
1352 625 1404 665 ab

276 695 447 750 antiquo
476 695 567 736 inde
596 707 696 736 aevo
717 693 864 735 exstitit
887 693 927 735 X
944 705 966 734 e
982 706 1006 733 n
1024 707 1049 734 o
1062 706 1089 747 p
1106 693 1132 735 h
1145 706 1207 734 an
1221 706 1243 734 e
1259 706 1278 733 s
1293 724 1306 743 ‚
1336 706 1406 735 ex-

275 764 462 805 stiterunt
492 762 754 804 Eleatici
795 763 940 811 multi,
982 765 1051 816 qui
1081 763 1209 803 mim-oc
1238 766 1311 812 ῥεῖν
1339 763 1406 803 καὶ

276 835 382 873 cmv
407 834 529 881 μένειν
555 832 771 881 dicebant,
802 845 922 887 atque
949 835 1004 874 ita
1032 833 1264 874 sententiam
1294 833 1401 873 suam

279 904 448 957 poetice
474 902 690 945 admodum
717 903 872 943 ratione
899 903 1197 955 proponebant.
1269 901 1406 959 Quam

276 972 448 1026 pulchre
488 982 620 1014 autem
665 971 743 1012 tale
780 972 1005 1025 disputandi
1033 983 1310 1027 argumentum
1345 970 1407 1011 vi-'

278 1043 443 1085 deretur
471 1041 677 1096 Sophistt‘s
703 1040 869 1095 spinosis
886 1071 899 1090 ‚
945 1040 970 1082 S
988 1053 1115 1082 ocra
1131 1042 1206 1081 tis
1246 1052 1407 1094 tempo-

277 1119 351 1160 re5
383 1123 445 1151 res
471 1113 553 1164 ipsa
583 1105 734 1161 docet3
766 1110 851 1151 imo
880 1122 921 1152 et
946 1122 1112 1152 monent
1135 1110 1408 1164 exemplaeo-

277 1192 393 1230 rum,
453 1184 521 1235 qui
585 1186 656 1222 τῶν
697 1182 846 1232 ῥεόντων
898 1181 1063 1221 nomine
1103 1180 1277 1244 iniigniti
1319 1179 1408 1221 fue-

234 1252 238 1256 ”
276 1261 382 1291 runt.
413 1249 496 1304 (Ἰ)
556 1249 738 1291 Ulterius
766 1249 910 1291 deinde
934 1251 1131 1304 progressi
1154 1249 1244 1303 sunt
1266 1246 1409 1291 Phssoe

277 1320 398 1373 sophi
426 1320 587 1361 mediae
612 1319 896 1372 Academiae,
924 1322 975 1362 ab
1005 1318 1278 1362 Arcesila
1307 1323 1410 1360 con-³

276 1391 412 1437 ditae,
443 1392 512 1443 qui
549 1390 652 1430 nihil
679 1391 836 1430 veritati
865 1389 1071 1432 absolutae
1099 1388 1273 1443 relinqui
1296 1386 1410 1430 dicea'

274 1453 401 1509 bant,
429 1472 469 1500 et
489 1463 545 1499 'ne
573 1460 656 1501 hoc
678 1460 840 1513 'quidem
873 1458 911 1499 se
935 1459 1124 1508 novisse,
1166 1469 1300 1500 utrum
1331 1457 1407 1499 sci-

275 1533 312 1572 ri
350 1530 504 1584 aliquid
544 1530 695 1582 possit,
725 1542 800 1570 nec
830 1540 902 1579 ne,
931 1527 1011 1582 (α)
1039 1530 1232 1582 quocirca
1256 1530 1298 1568 τὸ
1321 1528 1407 1568 ἐπέ-

276 1615 361 1649 χειν
385 1601 433 1640 iis
465 1601 647 1653 apprime
675 1598 877 1652 placebat.
909 1598 989 1652 (3)
1048 1598 1129 1639 Sed
1169 1596 1269 1652 quid
1292 1610 1407 1651 prae-

274 1670 533 1711 termodum
562 1669 709 1724 longus
750 1669 854 1711 iim?
898 1667 1012 1723 Quid
1051 1668 1153 1709 adeo
1185 1667 1234 1709 de
1278 1667 1407 1709 Car-

278 1740 451 1781 neade
505 1749 547 1780 et
601 1739 739 1781 tertia
768 1737 1038 1787 Academia,
1095 1737 1193 1790 quid
1234 1738 1284 1779 de
1329 1737 1409 1793 Cy-·

277 1800 800 1863 renaicis‘philosophis,
844 1808 943 1861 quid
984 1808 1032 1848 de
1082 1806 1406 1861 Pyrrhone,

279 1879 329 1922 de
371 1880 421 1922 iis
454 1881 523 1934 qui
563 1879 613 1921 ab
649 1878 900 1934 explorando
943 1877 1133 1919 σκέπτικο)
1180 1890 1225 1920 'et
1259 1877 1407 1929 ζητηῖπ-

290 1958 293 1963 “
535 1962 537 1966 ·
1350 1947 1407 1989 καὶ

295 2042 297 2044 ’
323 2048 388 2094 (ι)
413 2050 505 2085 Nob.
530 2049 586 2084 de
611 2051 643 2084 G
661 2059 678 2084 e
696 2059 714 2084 e
731 2059 772 2092 r,
796 2050 883 2095 Disf.
905 2050 992 2085 haud.
1015 2060 1050 2094 p.
1074 2059 1127 2093 ¹3-

292 2101 297 2106 ’
323 2102 388 2150 (2)
413 2105 513 2140 Conf.
538 2106 637 2142 Cic.
667 2105 792 2152 thest.
821 2109 925 2142 Acad.
955 2106 994 2142 L.
1023 2108 1049 2141 Ι.
1078 2117 1109 2140 c.
1137 2112 1187 2149 13:
1215 2104 1304 2138 alibi.

294 2159 391 2207 ''<3)
413 2161 442 2208 J.
466 2163 503 2197 F·-
528 2162 560 2197 H
575 2172 593 2196 e
609 2172 629 2196 n
643 2171 699 2197 ne
715 2173 758 2198 rt
773 2163 928 2212 ‚·IVijsg.
948 2161 1043 2198 Vei-1⁷1.
1068 2164 1113 2198 D.-
1127 2161 1170 2198 11.
1198 2161 1244 2196 bl.
1275 2170 1348 2203 109.
