<?xml version="1.0" encoding="UTF-8"?>
<!DOCTYPE html PUBLIC "-//W3C//DTD XHTML 1.0 Transitional//EN"
    "http://www.w3.org/TR/xhtml1/DTD/xhtml1-transitional.dtd">
<html xmlns="http://www.w3.org/1999/xhtml" xml:lang="en" lang="en">
 <head>
  <title>
</title>
<meta http-equiv="Content-Type" content="text/html;charset=utf-8" />
  <meta name='ocr-system' content='tesseract 3.04.00' />
  <meta name='ocr-capabilities' content='ocr_page ocr_carea ocr_par ocr_line ocrx_word'/>
</head>
<body>
  <div class='ocr_page' id='page_1' title='image "annalesacademiae22acad_1079.png"; bbox 0 0 1519 2729; ppageno 0'>
   <div class='ocr_carea' id='block_1_1' title="bbox 573 127 795 185">
    <p class='ocr_par' dir='ltr' id='par_1_1' title="bbox 573 127 795 185">
     <span class='ocr_line' id='line_1_1' title="bbox 573 127 795 185; baseline -0.014 0"><span class='ocrx_word' id='word_1_1' title='bbox 573 127 795 185; x_wconf 78' lang='lat'>(91)</span> 
     </span>
    </p>
   </div>
   <div class='ocr_carea' id='block_1_2' title="bbox 124 256 1242 448">
    <p class='ocr_par' dir='ltr' id='par_1_2' title="bbox 124 256 1242 448">
     <span class='ocr_line' id='line_1_2' title="bbox 126 256 1241 319; baseline -0.002 -12"><span class='ocrx_word' id='word_1_2' title='bbox 126 265 258 307; x_wconf 86' lang='lat' dir='ltr'>triculi</span> <span class='ocrx_word' id='word_1_3' title='bbox 289 265 460 306; x_wconf 81' lang='lat' dir='ltr'>cardiam</span> <span class='ocrx_word' id='word_1_4' title='bbox 488 264 568 306; x_wconf 91' lang='lat' dir='ltr'>sese</span> <span class='ocrx_word' id='word_1_5' title='bbox 598 266 829 319; x_wconf 81' lang='lat' dir='ltr'>posuerint,</span> <span class='ocrx_word' id='word_1_6' title='bbox 860 265 1078 306; x_wconf 81' lang='lat' dir='ltr'>anxietates</span> <span class='ocrx_word' id='word_1_7' title='bbox 1104 256 1241 305; x_wconf 80' lang='lat' dir='ltr'>oriun-</span> 
     </span>
     <span class='ocr_line' id='line_1_3' title="bbox 124 334 1242 390; baseline -0.003 -12"><span class='ocrx_word' id='word_1_8' title='bbox 124 349 188 378; x_wconf 89' lang='lat' dir='ltr'>tur</span> <span class='ocrx_word' id='word_1_9' title='bbox 217 336 395 386; x_wconf 81' lang='lat' dir='ltr'>validae,</span> <span class='ocrx_word' id='word_1_10' title='bbox 426 334 581 389; x_wconf 79' lang='lat' dir='ltr'>aliaque</span> <span class='ocrx_word' id='word_1_11' title='bbox 611 337 904 390; x_wconf 78' lang='lat' dir='ltr'>symptomata,</span> <span class='ocrx_word' id='word_1_12' title='bbox 948 334 1040 376; x_wconf 88' lang='lat' dir='ltr'>dein</span> <span class='ocrx_word' id='word_1_13' title='bbox 1081 347 1242 376; x_wconf 88' lang='lat' dir='ltr'>enume-</span> 
     </span>
     <span class='ocr_line' id='line_1_4' title="bbox 125 407 256 448; baseline 0.008 -1"><span class='ocrx_word' id='word_1_14' title='bbox 125 407 256 448; x_wconf 78' lang='lat' dir='ltr'>tanda.</span> 
     </span>
    </p>
   </div>
   <div class='ocr_carea' id='block_1_3' title="bbox 598 541 765 596">
    <p class='ocr_par' dir='ltr' id='par_1_3' title="bbox 598 541 765 596">
     <span class='ocr_line' id='line_1_5' title="bbox 598 541 765 596; baseline 0 -13"><span class='ocrx_word' id='word_1_15' title='bbox 598 543 622 596; x_wconf 65' lang='lat' dir='ltr'>g</span> <span class='ocrx_word' id='word_1_16' title='bbox 653 541 765 583; x_wconf 82' lang='lat' dir='ltr'>LXI.</span> 
     </span>
    </p>
   </div>
   <div class='ocr_carea' id='block_1_4' title="bbox 70 679 1250 1924">
    <p class='ocr_par' dir='ltr' id='par_1_4' title="bbox 70 679 1250 1924">
     <span class='ocr_line' id='line_1_6' title="bbox 179 679 1246 736; baseline -0.004 -12"><span class='ocrx_word' id='word_1_17' title='bbox 179 681 272 724; x_wconf 85' lang='lat' dir='ltr'>Huc</span> <span class='ocrx_word' id='word_1_18' title='bbox 302 695 465 736; x_wconf 85' lang='lat' dir='ltr'>quoque</span> <span class='ocrx_word' id='word_1_19' title='bbox 493 684 668 735; x_wconf 84' lang='lat' dir='ltr'>pertinet</span> <span class='ocrx_word' id='word_1_20' title='bbox 697 681 766 722; x_wconf 80' lang='lat' dir='ltr'>illa</span> <span class='ocrx_word' id='word_1_21' title='bbox 793 680 1005 722; x_wconf 84' lang='lat' dir='ltr'>dolorifica</span> <span class='ocrx_word' id='word_1_22' title='bbox 1048 679 1246 730; x_wconf 61' lang='lat' dir='ltr'>sensam,</span> 
     </span>
     <span class='ocr_line' id='line_1_7' title="bbox 121 751 1245 805; baseline -0.001 -13"><span class='ocrx_word' id='word_1_23' title='bbox 121 765 223 805; x_wconf 82' lang='lat' dir='ltr'>quae</span> <span class='ocrx_word' id='word_1_24' title='bbox 249 754 512 802; x_wconf 69' lang='lat' dir='ltr'>uvermibuS,</span> <span class='ocrx_word' id='word_1_25' title='bbox 539 766 584 793; x_wconf 91' lang='lat' dir='ltr'>os</span> <span class='ocrx_word' id='word_1_26' title='bbox 601 751 843 805; x_wconf 81' lang='lat' dir='ltr'>applicando</span> <span class='ocrx_word' id='word_1_27' title='bbox 860 752 1245 792; x_wconf 84' lang='lat' dir='ltr'>membranaeintes-</span> 
     </span>
     <span class='ocr_line' id='line_1_8' title="bbox 124 822 1244 876; baseline 0 -15"><span class='ocrx_word' id='word_1_28' title='bbox 124 823 299 862; x_wconf 80' lang='lat' dir='ltr'>tinorum</span> <span class='ocrx_word' id='word_1_29' title='bbox 329 823 527 872; x_wconf 81' lang='lat' dir='ltr'>internae,</span> <span class='ocrx_word' id='word_1_30' title='bbox 559 823 826 876; x_wconf 83' lang='lat' dir='ltr'>producitur,</span> <span class='ocrx_word' id='word_1_31' title='bbox 858 822 1014 863; x_wconf 85' lang='lat' dir='ltr'>floccos</span> <span class='ocrx_word' id='word_1_32' title='bbox 1029 822 1135 861; x_wconf 89' lang='lat' dir='ltr'>enim</span> <span class='ocrx_word' id='word_1_33' title='bbox 1150 833 1244 862; x_wconf 89' lang='lat' dir='ltr'>tune</span> 
     </span>
     <span class='ocr_line' id='line_1_9' title="bbox 124 891 1246 946; baseline -0.003 -13"><span class='ocrx_word' id='word_1_34' title='bbox 124 891 391 933; x_wconf 81' lang='lat' dir='ltr'>senfilisfimos</span> <span class='ocrx_word' id='word_1_35' title='bbox 427 893 528 932; x_wconf 82' lang='lat' dir='ltr'>intra</span> <span class='ocrx_word' id='word_1_36' title='bbox 557 893 636 934; x_wconf 92' lang='lat' dir='ltr'>hoc</span> <span class='ocrx_word' id='word_1_37' title='bbox 660 893 890 946; x_wconf 82' lang='lat' dir='ltr'>recipiunt,</span> <span class='ocrx_word' id='word_1_38' title='bbox 937 893 1070 945; x_wconf 89' lang='lat' dir='ltr'>ficque</span> <span class='ocrx_word' id='word_1_39' title='bbox 1102 902 1246 931; x_wconf 86' lang='lat' dir='ltr'>nervo-</span> 
     </span>
     <span class='ocr_line' id='line_1_10' title="bbox 122 961 1248 1016; baseline 0.001 -16"><span class='ocrx_word' id='word_1_40' title='bbox 122 973 209 1004; x_wconf 82' lang='lat' dir='ltr'>rum</span> <span class='ocrx_word' id='word_1_41' title='bbox 225 961 497 1001; x_wconf 79' lang='lat' dir='ltr'>extremitates</span> <span class='ocrx_word' id='word_1_42' title='bbox 513 961 726 1003; x_wconf 85' lang='lat' dir='ltr'>dolorifice</span> <span class='ocrx_word' id='word_1_43' title='bbox 739 963 977 1003; x_wconf 75' lang='lat' dir='ltr'>afficiuntur·</span> <span class='ocrx_word' id='word_1_44' title='bbox 1019 961 1248 1016; x_wconf 81' lang='lat' dir='ltr'>Cardialgia</span> 
     </span>
     <span class='ocr_line' id='line_1_11' title="bbox 123 1029 1250 1084; baseline 0.001 -15"><span class='ocrx_word' id='word_1_45' title='bbox 123 1029 374 1082; x_wconf 78' lang='lat' dir='ltr'>idiopathica</span> <span class='ocrx_word' id='word_1_46' title='bbox 396 1042 462 1071; x_wconf 83' lang='lat' dir='ltr'>aut</span> <span class='ocrx_word' id='word_1_47' title='bbox 490 1031 737 1084; x_wconf 81' lang='lat' dir='ltr'>sympathica</span> <span class='ocrx_word' id='word_1_48' title='bbox 753 1033 846 1072; x_wconf 82' lang='lat' dir='ltr'>hinc</span> <span class='ocrx_word' id='word_1_49' title='bbox 864 1033 1018 1079; x_wconf 87' lang='lat' dir='ltr'>oritur,</span> <span class='ocrx_word' id='word_1_50' title='bbox 1049 1033 1162 1083; x_wconf 89' lang='lat' dir='ltr'>prior</span> <span class='ocrx_word' id='word_1_51' title='bbox 1178 1060 1190 1079; x_wconf 94' lang='lat'>,</span> <span class='ocrx_word' id='word_1_52' title='bbox 1219 1030 1250 1070; x_wconf 10' lang='lat' dir='ltr'>fii</span> 
     </span>
     <span class='ocr_line' id='line_1_12' title="bbox 125 1092 1248 1155; baseline 0.001 -16"><span class='ocrx_word' id='word_1_53' title='bbox 125 1092 287 1140; x_wconf 65' lang='lat' dir='ltr'>orifi&#39;cio</span> <span class='ocrx_word' id='word_1_54' title='bbox 315 1100 385 1141; x_wconf 89' lang='lat' dir='ltr'>suo</span> <span class='ocrx_word' id='word_1_55' title='bbox 412 1113 567 1141; x_wconf 89' lang='lat' dir='ltr'>vermes</span> <span class='ocrx_word' id='word_1_56' title='bbox 594 1101 806 1143; x_wconf 88' lang='lat' dir='ltr'>ventriculi</span> <span class='ocrx_word' id='word_1_57' title='bbox 823 1101 1043 1155; x_wconf 84' lang='lat' dir='ltr'>parietibus</span> <span class='ocrx_word' id='word_1_58' title='bbox 1067 1100 1146 1141; x_wconf 90' lang='lat' dir='ltr'>sese</span> <span class='ocrx_word' id='word_1_59' title='bbox 1167 1099 1248 1140; x_wconf 80' lang='lat' dir='ltr'>affi-</span> 
     </span>
     <span class='ocr_line' id='line_1_13' title="bbox 124 1168 1249 1225; baseline -0.002 -15"><span class='ocrx_word' id='word_1_60' title='bbox 124 1171 285 1220; x_wconf 80' lang='lat' dir='ltr'>xerint,</span> <span class='ocrx_word' id='word_1_61' title='bbox 317 1171 509 1224; x_wconf 83' lang='lat' dir='ltr'>fimulque</span> <span class='ocrx_word' id='word_1_62' title='bbox 522 1184 660 1213; x_wconf 88' lang='lat' dir='ltr'>ructus</span> <span class='ocrx_word' id='word_1_63' title='bbox 675 1172 918 1225; x_wconf 83' lang='lat' dir='ltr'>subpingues</span> <span class='ocrx_word' id='word_1_64' title='bbox 936 1202 948 1220; x_wconf 80' lang='lat'>,</span> <span class='ocrx_word' id='word_1_65' title='bbox 979 1170 1161 1218; x_wconf 82' lang='lat' dir='ltr'>rancidi,</span> <span class='ocrx_word' id='word_1_66' title='bbox 1191 1168 1249 1208; x_wconf 85' lang='lat' dir='ltr'>al-</span> 
     </span>
     <span class='ocr_line' id='line_1_14' title="bbox 124 1239 1249 1296; baseline 0 -16"><span class='ocrx_word' id='word_1_67' title='bbox 124 1239 272 1289; x_wconf 83' lang='lat' dir='ltr'>calini,</span> <span class='ocrx_word' id='word_1_68' title='bbox 301 1241 498 1294; x_wconf 87' lang='lat' dir='ltr'>imprimis</span> <span class='ocrx_word' id='word_1_69' title='bbox 522 1254 705 1296; x_wconf 89' lang='lat' dir='ltr'>tempore</span> <span class='ocrx_word' id='word_1_70' title='bbox 733 1241 884 1282; x_wconf 78' lang='lat' dir='ltr'>vernali</span> <span class='ocrx_word' id='word_1_71' title='bbox 905 1242 1113 1289; x_wconf 67' lang='lat' dir='ltr'>sistuntur,</span> <span class='ocrx_word' id='word_1_72' title='bbox 1145 1240 1249 1291; x_wconf 83' lang='lat' dir='ltr'>sym-</span> 
     </span>
     <span class='ocr_line' id='line_1_15' title="bbox 124 1309 1248 1367; baseline -0.001 -17"><span class='ocrx_word' id='word_1_73' title='bbox 124 1309 286 1362; x_wconf 78' lang='lat' dir='ltr'>pathica</span> <span class='ocrx_word' id='word_1_74' title='bbox 313 1323 436 1360; x_wconf 79' lang='lat' dir='ltr'>vero,</span> <span class='ocrx_word' id='word_1_75' title='bbox 481 1315 508 1354; x_wconf 91' lang='lat' dir='ltr'><strong>fi</strong></span> <span class='ocrx_word' id='word_1_76' title='bbox 545 1313 726 1367; x_wconf 80' lang='lat' dir='ltr'>partibus</span> <span class='ocrx_word' id='word_1_77' title='bbox 760 1312 1047 1353; x_wconf 86' lang='lat' dir='ltr'>remotioribus</span> <span class='ocrx_word' id='word_1_78' title='bbox 1080 1311 1160 1351; x_wconf 89' lang='lat' dir='ltr'>hoc</span> <span class='ocrx_word' id='word_1_79' title='bbox 1190 1310 1248 1350; x_wconf 88' lang='lat' dir='ltr'>fit.</span> 
     </span>
     <span class='ocr_line' id='line_1_16' title="bbox 123 1379 1249 1434; baseline 0.001 -15"><span class='ocrx_word' id='word_1_80' title='bbox 123 1379 254 1420; x_wconf 90' lang='lat' dir='ltr'>Porro</span> <span class='ocrx_word' id='word_1_81' title='bbox 290 1380 436 1434; x_wconf 88' lang='lat' dir='ltr'>spasmi</span> <span class='ocrx_word' id='word_1_82' title='bbox 479 1382 694 1424; x_wconf 87' lang='lat' dir='ltr'>ventriculi</span> <span class='ocrx_word' id='word_1_83' title='bbox 721 1393 761 1422; x_wconf 87' lang='lat' dir='ltr'>et</span> <span class='ocrx_word' id='word_1_84' title='bbox 802 1381 1104 1429; x_wconf 74' lang='lat' dir='ltr'>intestinorum,</span> <span class='ocrx_word' id='word_1_85' title='bbox 1151 1392 1249 1421; x_wconf 86' lang='lat' dir='ltr'>con-</span> 
     </span>
     <span class='ocr_line' id='line_1_17' title="bbox 125 1450 1250 1505; baseline 0 -17"><span class='ocrx_word' id='word_1_86' title='bbox 125 1450 342 1496; x_wconf 63' lang='lat' dir='ltr'>tractiones</span> <span class='ocrx_word' id='word_1_87' title='bbox 386 1450 568 1500; x_wconf 78' lang='lat' dir='ltr'>validae,</span> <span class='ocrx_word' id='word_1_88' title='bbox 615 1465 711 1505; x_wconf 81' lang='lat' dir='ltr'>quas</span> <span class='ocrx_word' id='word_1_89' title='bbox 755 1451 932 1503; x_wconf 84' lang='lat' dir='ltr'>sequitur</span> <span class='ocrx_word' id='word_1_90' title='bbox 959 1451 1099 1489; x_wconf 82' lang='lat' dir='ltr'>inertia</span> <span class='ocrx_word' id='word_1_91' title='bbox 1127 1451 1250 1502; x_wconf 83' lang='lat' dir='ltr'>parti-</span> 
     </span>
     <span class='ocr_line' id='line_1_18' title="bbox 124 1519 1249 1575; baseline 0.002 -18"><span class='ocrx_word' id='word_1_92' title='bbox 124 1531 221 1568; x_wconf 67' lang='lat' dir='ltr'>um,</span> <span class='ocrx_word' id='word_1_93' title='bbox 251 1519 346 1560; x_wconf 87' lang='lat' dir='ltr'>hinc</span> <span class='ocrx_word' id='word_1_94' title='bbox 376 1519 445 1560; x_wconf 84' lang='lat' dir='ltr'>illa</span> <span class='ocrx_word' id='word_1_95' title='bbox 472 1521 601 1569; x_wconf 73' lang='lat' dir='ltr'>mala,</span> <span class='ocrx_word' id='word_1_96' title='bbox 636 1535 736 1575; x_wconf 76' lang='lat' dir='ltr'>quae</span> <span class='ocrx_word' id='word_1_97' title='bbox 767 1522 791 1574; x_wconf 83' lang='lat'>§</span> <span class='ocrx_word' id='word_1_98' title='bbox 823 1521 940 1562; x_wconf 92' lang='lat' dir='ltr'><strong>LVII</strong></span> <span class='ocrx_word' id='word_1_99' title='bbox 972 1522 1059 1561; x_wconf 88' lang='lat' dir='ltr'>sunt</span> <span class='ocrx_word' id='word_1_100' title='bbox 1088 1532 1249 1560; x_wconf 85' lang='lat' dir='ltr'>enume-</span> 
     </span>
     <span class='ocr_line' id='line_1_19' title="bbox 70 1584 1250 1644; baseline 0.002 -17"><span class='ocrx_word' id='word_1_101' title='bbox 70 1634 75 1635; x_wconf 21' lang='lat'><em>⁷</em></span> <span class='ocrx_word' id='word_1_102' title='bbox 123 1599 230 1637; x_wconf 74' lang='lat' dir='ltr'>rata3</span> <span class='ocrx_word' id='word_1_103' title='bbox 263 1588 405 1628; x_wconf 85' lang='lat' dir='ltr'>deinde</span> <span class='ocrx_word' id='word_1_104' title='bbox 430 1590 761 1632; x_wconf 77' lang='lat' dir='ltr'>inflammationes</span> <span class='ocrx_word' id='word_1_105' title='bbox 786 1584 966 1639; x_wconf 58' lang='lat' dir='ltr'>localies,</span> <span class='ocrx_word' id='word_1_106' title='bbox 998 1591 1250 1644; x_wconf 77' lang='lat' dir='ltr'>suppuratio-</span> 
     </span>
     <span class='ocr_line' id='line_1_20' title="bbox 123 1658 1250 1712; baseline 0.002 -16"><span class='ocrx_word' id='word_1_107' title='bbox 123 1670 235 1707; x_wconf 79' lang='lat' dir='ltr'>nes,</span> <span class='ocrx_word' id='word_1_108' title='bbox 268 1658 528 1707; x_wconf 82' lang='lat' dir='ltr'>diarrhoeae,</span> <span class='ocrx_word' id='word_1_109' title='bbox 575 1660 821 1712; x_wconf 79' lang='lat' dir='ltr'>dysenteriae</span> <span class='ocrx_word' id='word_1_110' title='bbox 861 1672 927 1701; x_wconf 83' lang='lat' dir='ltr'>aut</span> <span class='ocrx_word' id='word_1_111' title='bbox 962 1670 1250 1712; x_wconf 82' lang='lat' dir='ltr'>nonnunquam</span> 
     </span>
     <span class='ocr_line' id='line_1_21' title="bbox 124 1728 1249 1783; baseline 0 -15"><span class='ocrx_word' id='word_1_112' title='bbox 124 1740 290 1781; x_wconf 86' lang='lat' dir='ltr'>quoque</span> <span class='ocrx_word' id='word_1_113' title='bbox 317 1728 395 1768; x_wconf 73' lang='lat' dir='ltr'>alvi</span> <span class='ocrx_word' id='word_1_114' title='bbox 424 1730 720 1771; x_wconf 84' lang='lat' dir='ltr'>obstructiones</span> <span class='ocrx_word' id='word_1_115' title='bbox 738 1761 749 1778; x_wconf 89' lang='lat'>,</span> <span class='ocrx_word' id='word_1_116' title='bbox 782 1730 930 1783; x_wconf 86' lang='lat' dir='ltr'>quibus</span> <span class='ocrx_word' id='word_1_117' title='bbox 964 1729 1249 1770; x_wconf 85' lang='lat' dir='ltr'>obstructioni-</span> 
     </span>
     <span class='ocr_line' id='line_1_22' title="bbox 124 1798 1249 1854; baseline -0.001 -16"><span class='ocrx_word' id='word_1_118' title='bbox 124 1798 200 1838; x_wconf 86' lang='lat' dir='ltr'>bus</span> <span class='ocrx_word' id='word_1_119' title='bbox 227 1811 399 1851; x_wconf 84' lang='lat' dir='ltr'>corpora</span> <span class='ocrx_word' id='word_1_120' title='bbox 428 1798 644 1852; x_wconf 79' lang='lat' dir='ltr'>gasformia</span> <span class='ocrx_word' id='word_1_121' title='bbox 679 1814 797 1854; x_wconf 73' lang='lat' dir='ltr'>quam</span> <span class='ocrx_word' id='word_1_122' title='bbox 841 1799 1012 1854; x_wconf 81' lang='lat' dir='ltr'>plurima</span> <span class='ocrx_word' id='word_1_123' title='bbox 1055 1798 1249 1839; x_wconf 87' lang='lat' dir='ltr'>evolvun-</span> 
     </span>
     <span class='ocr_line' id='line_1_23' title="bbox 124 1865 1250 1924; baseline -0.002 -15"><span class='ocrx_word' id='word_1_124' title='bbox 124 1879 215 1918; x_wconf 91' lang='lat' dir='ltr'>tur,</span> <span class='ocrx_word' id='word_1_125' title='bbox 247 1868 338 1909; x_wconf 81' lang='lat' dir='ltr'>inde</span> <span class='ocrx_word' id='word_1_126' title='bbox 367 1870 637 1921; x_wconf 81' lang='lat' dir='ltr'>tympanitcs,</span> <span class='ocrx_word' id='word_1_127' title='bbox 668 1870 958 1924; x_wconf 81' lang='lat' dir='ltr'>borbol·ygmi,</span> <span class='ocrx_word' id='word_1_128' title='bbox 990 1869 1126 1918; x_wconf 73' lang='lat' dir='ltr'>flatus,</span> <span class='ocrx_word' id='word_1_129' title='bbox 1159 1865 1250 1908; x_wconf 82' lang='lat' dir='ltr'>ruc-</span> 
     </span>
    </p>
   </div>
   <div class='ocr_carea' id='block_1_5' title="bbox 62 1938 1252 1993">
    <p class='ocr_par' dir='ltr' id='par_1_5' title="bbox 62 1938 1252 1993">
     <span class='ocr_line' id='line_1_24' title="bbox 62 1938 1252 1993; baseline -0.002 -14"><span class='ocrx_word' id='word_1_130' title='bbox 62 1939 63 1942; x_wconf 72' lang='grc'>’</span> <span class='ocrx_word' id='word_1_131' title='bbox 125 1949 188 1979; x_wconf 91' lang='lat' dir='ltr'>tus</span> <span class='ocrx_word' id='word_1_132' title='bbox 220 1938 355 1987; x_wconf 83' lang='lat' dir='ltr'>acidi,</span> <span class='ocrx_word' id='word_1_133' title='bbox 399 1939 615 1992; x_wconf 86' lang='lat' dir='ltr'>impeditus</span> <span class='ocrx_word' id='word_1_134' title='bbox 642 1952 775 1981; x_wconf 89' lang='lat' dir='ltr'>motus</span> <span class='ocrx_word' id='word_1_135' title='bbox 811 1939 1104 1993; x_wconf 80' lang='lat' dir='ltr'>peristalticus,</span> <span class='ocrx_word' id='word_1_136' title='bbox 1149 1950 1252 1978; x_wconf 86' lang='lat' dir='ltr'>non-</span> 
     </span>
    </p>
   </div>
   <div class='ocr_carea' id='block_1_6' title="bbox 123 2008 1251 2132">
    <p class='ocr_par' dir='ltr' id='par_1_6' title="bbox 123 2008 1251 2132">
     <span class='ocr_line' id='line_1_25' title="bbox 123 2008 1251 2063; baseline -0.001 -15"><span class='ocrx_word' id='word_1_137' title='bbox 123 2022 327 2062; x_wconf 82' lang='lat' dir='ltr'>nunquam</span> <span class='ocrx_word' id='word_1_138' title='bbox 366 2019 560 2061; x_wconf 87' lang='lat' dir='ltr'>torpens,</span> <span class='ocrx_word' id='word_1_139' title='bbox 605 2022 890 2063; x_wconf 81' lang='lat' dir='ltr'>nonnunquam</span> <span class='ocrx_word' id='word_1_140' title='bbox 933 2022 1030 2049; x_wconf 84' lang='lat' dir='ltr'>vero</span> <span class='ocrx_word' id='word_1_141' title='bbox 1059 2008 1251 2061; x_wconf 83' lang='lat' dir='ltr'>antiperi-</span> 
     </span>
     <span class='ocr_line' id='line_1_26' title="bbox 123 2078 1251 2132; baseline -0.002 -13"><span class='ocrx_word' id='word_1_142' title='bbox 123 2078 330 2128; x_wconf 77' lang='lat' dir='ltr'>stalticu53</span> <span class='ocrx_word' id='word_1_143' title='bbox 364 2079 457 2119; x_wconf 89' lang='lat' dir='ltr'>hinc</span> <span class='ocrx_word' id='word_1_144' title='bbox 484 2081 523 2119; x_wconf 91' lang='lat' dir='ltr'>in</span> <span class='ocrx_word' id='word_1_145' title='bbox 550 2082 682 2132; x_wconf 82' lang='lat' dir='ltr'>primo</span> <span class='ocrx_word' id='word_1_146' title='bbox 713 2079 803 2120; x_wconf 84' lang='lat' dir='ltr'>casu</span> <span class='ocrx_word' id='word_1_147' title='bbox 841 2078 970 2119; x_wconf 75' lang='lat' dir='ltr'>austun</span> <span class='ocrx_word' id='word_1_148' title='bbox 1002 2078 1095 2119; x_wconf 76' lang='lat' dir='ltr'>dant</span> <span class='ocrx_word' id='word_1_149' title='bbox 1129 2089 1251 2118; x_wconf 85' lang='lat' dir='ltr'>mate-</span> 
     </span>
    </p>
   </div>
   <div class='ocr_carea' id='block_1_7' title="bbox 124 2148 1250 2257">
    <p class='ocr_par' dir='ltr' id='par_1_7' title="bbox 124 2148 1250 2257">
     <span class='ocr_line' id='line_1_27' title="bbox 124 2148 1250 2204; baseline -0.002 -15"><span class='ocrx_word' id='word_1_150' title='bbox 124 2151 204 2191; x_wconf 82' lang='lat' dir='ltr'>riae</span> <span class='ocrx_word' id='word_1_151' title='bbox 253 2148 470 2200; x_wconf 80' lang='lat' dir='ltr'>saburrali&#39;,</span> <span class='ocrx_word' id='word_1_152' title='bbox 520 2149 763 2204; x_wconf 77' lang='lat' dir='ltr'>pituitosae,</span> <span class='ocrx_word' id='word_1_153' title='bbox 806 2148 1005 2203; x_wconf 83' lang='lat' dir='ltr'>aliisque,</span> <span class='ocrx_word' id='word_1_154' title='bbox 1054 2149 1250 2190; x_wconf 88' lang='lat' dir='ltr'>vermium</span> 
     </span>
     <span class='ocr_line' id='line_1_28' title="bbox 1169 2228 1250 2257; baseline -0.012 0"><span class='ocrx_word' id='word_1_155' title='bbox 1169 2228 1250 2257; x_wconf 77' lang='lat' dir='ltr'>ori-</span> 
     </span>
    </p>
   </div>
  </div>
 </body>
</html>
