1519 2729
569 195 709 254 (37
768 194 803 249 J

117 338 313 388 studium,
360 335 472 391 quod
500 334 657 377 Christi
687 346 728 376 et
756 332 948 388 exemplo
986 345 1027 374 et
1062 331 1248 375 doctrina

117 421 447 464 commendatur!
480 417 548 458 Eo
578 417 761 472 quisquis
788 417 948 469 penitus
980 399 1252 464 ducitur3'il-

116 497 420 557 luqd‘perpetuo
449 500 753 553 aspernabitur,
793 490 1035 551 seduloque'
1059 497 1248 546 cavebit,

116 583 229 639 quod
268 584 414 623 merito
450 581 667 635 culpetur:‚
713 579 897 635 illudque
937 580 1068 621 nobili
1110 578 1257 633 profer,
1308 584 1312 587 “

115 678 264 720 quetur
292 678 368 705 nec
409 665 525 704 irrito
568 675 744 713 conatu,
785 662 896 717 quod
929 664 970 703 in
1002 663 1040 704 se
1070 662 1253 717 dignissi-

113 761 254 799 mum,
297 748 418 801 ipsius
458 744 542 787 Dei
569 745 727 801 judicio
756 745 1030 795 aestimabile,
1074 744 1253 785 divinae-

114 843 194 885 que
240 827 486 883 perfectioni
542 828 776 880 proximum
820 828 894 877 fit,
939 839 1060 880 atque
1107 828 1162 867 ita
1203 824 1255 866 ad

115 913 360 958 maximum,
394 909 510 962 cujus
540 921 666 961 capax
695 909 870 950 humana
899 908 945 949 fit
971 920 1138 957 natura,
1183 906 1252 947 ἀεπ

56 1026 59 1028 ,
114 1006 186 1035 cus
212 1005 286 1047 per
317 1000 444 1030 totam
469 989 594 1030 vitam
624 989 731 1031 haud
754 989 900 1032 frustra
925 990 1115 1033 enitetur.
1219 983 1221 985 ’

175 1238 414 1294 Optandum
439 1235 632 1291 profecto
649 1235 780 1286 esset,
812 1237 865 1278 A.
895 1236 947 1278 A.
968 1246 1035 1286 ut,
1067 1234 1257 1279 ubicum-

116 1335 195 1377 que
224 1322 404 1377 gentium
434 1318 607 1359 stabilita
627 1331 689 1360 est
715 1319 945 1361 Christiana
973 1318 1149 1372 religio,
1187 1316 1258 1357 ad-

118 1402 345 1445 mirabilem
389 1400 499 1442 illam
542 1402 623 1442 vim
667 1401 898 1444 luculenter
940 1399 1258 1453 demonstraret,

91 1485 390 1542 ⁴quamxhabet
420 1485 459 1524 in
486 1483 658 1525 studium
689 1484 884 1525 honoris!
924 1483 1011 1524 Etsi
1038 1482 1146 1522 enim
1182 1481 1260 1521 mi·

115 1571 224 1621 nime
273 1566 413 1608 desunt
430 1596 443 1614 ‚
489 1565 590 1618 qui,
629 1565 729 1619 quid
756 1567 796 1606 in
824 1578 874 1606 eo
901 1563 1033 1605 valeat
1059 1559 1258 1621 praestan?

116 1650 263 1691 tissima
285 1646 437 1702 religio
455 1677 468 1697 .,
501 1645 593 1686 satis
618 1649 672 1689 ob
704 1648 852 1690 oculos
881 1658 1058 1702 ponant;
1092 1646 1178 1687 fieri
1196 1656 1254 1686 ta-

116 1745 207 1774 men
235 1727 405 1785 nequst,
438 1741 504 1781 ut,
552 1731 802 1785 quicumque
832 1742 920 1770 eam
943 1728 1009 1769 vel
1039 1719 1259 1782 perparum

118 1825 286 1863 curent,
341 1812 407 1854 vel
462 1812 604 1853 misere
646 1823 904 1867 pervertant,
965 1812 1125 1864 optimo
1171 1809 1258 1864 ejus

118 1894 243 1935 ductu
286 1895 337 1935 sic
380 1894 432 1936 ad
458 1895 757 1947 perfectionem
787 1894 1062 1945 summamque
1097 1890 1259 1932 laudem

118 1975 368 2021 contendant
397 1988 445 2017 ac
482 1974 684 2029 gloriam,
727 1973 1067 2029 quemadmodum
1104 1974 1260 2027 posfint

118 2069 160 2099 et
187 2058 374 2099 debeant.
464 2056 546 2098 Sed
588 2058 630 2098 in
678 2057 795 2111 hujus
823 2058 880 2097 rei
908 2053 1257 2108 contemplatione

120 2153 143 2183 a
186 2139 400 2193 propofito
439 2139 558 2179 nimis
603 2138 751 2192 procul
781 2148 946 2179 ⁴remota
994 2136 1141 2177 versari
1180 2149 1257 2179 nec

123 2222 237 2264 lubet
265 2234 341 2264 nec
371 2221 505 2272 decet.
578 2220 753 2275 Propius
789 2219 953 2261 forfitan
981 2217 1031 2258 ab
1064 2220 1262 2260 orationis

304 2294 308 2310 s

302 2312 313 2348 ΙΝ
1193 2312 1254 2340 ar-
