1519 2729
701 152 960 240 ‘ta-2)

284 322 572 378 absorptione,
627 322 654 363 fi
703 320 910 364 humidum
951 324 1035 372 fit,
1071 333 1208 375 -neque
1232 333 1406 376 ,aqu-aa,

281 406 402 446 quam
456 392 692 441 continent,
741 393 1052 444 evaporatione,
1107 391 1135 432 st
1171 392 1319 432 ficcum
1359 393 1406 434 fit

283 463 467 518 spatium.

342 533 442 574 Sunt
467 533 534 585 qui
557 542 681 584 aquae
700 530 740 570 in
763 529 832 571 illa
859 544 1032 584 corpora
1071 532 1273 572 actionem
1301 530 1407 583 phy-

281 599 428 651 fleam,
472 601 558 642 sunt
601 600 670 653 qui
712 598 822 642 illam
860 602 1083 642 chemicam
1126 600 1209 641 esse
1236 611 1403 642 conten-

279 673 407 722 duntz,
453 672 540 712 sunt
576 671 645 723 qui
689 671 890 711 actionem
933 670 1035 711 hanc
1076 669 1226 710 locum·
1256 669 1402 710 habere

277 742 477 790 statuunt,
521 742 625 782 inter
648 752 789 792 aquam
813 737 1007 792 liquidam
1029 749 1072 789 et
1101 738 1171 779 illa
1200 751 1401 791 corpora,

228 818 229 821 ’
277 823 319 852 et
341 823 509 865 vapores
529 811 567 850 in
597 809 695 850 haec
728 820 808 849 non
847 821 993 864 agere,
1037 810 1137 857 nifi,
1181 819 1400 863 postquam

275 883 338 924 his
402 880 643 935 corporibus
709 879 840 928 affixi,
912 879 954 919 in
1008 877 1201 932 liquidam
1255 890 1399 932 aquam

275 953 418 994 mutati
455 951 571 1000 sunt;
616 949 705 990 sunt
739 949 809 1002 qui
849 948 1097 989 contendunt
1148 959 1317 1001 vapores
1356 947 1398 987 in

273 1020 345 1062 illa
389 1033 562 1074 corpora
604 1019 759 1061 *directe
795 1029 925 1071 agere.
1010 1016 1223 1072 Quidquid
1261 1018 1306 1058 fit
1347 1016 1406 1056 de—

274 1091 386 1132 hisce
439 1089 669 1137 sententiis,
712 1088 793 1128 hoc
831 1097 984 1128 certum
1024 1097 1065 1127 et
1116 1087 1220 1127 inter
1256 1099 1396 1127 omnes

273 1159 452 1208 constat,
512 1158 611 1199 haec
662 1158 948 1212 hygrometra,
1004 1167 1154 1196 tantum
1190 1156 1395 1197 relativam

270 1241 354 1271 non
383 1241 482 1269 vero
504 1226 723 1268 absolutam
742 1256 756 1274 ,
797 1239 922 1279 aquae
951 1227 1213 1279 quantitatem
1243 1225 1394 1276 indica-

270 1311 314 1340 re
341 1299 486 1352 possez,
518 1297 714 1350 quantitas
743 1296 849 1336 enim
878 1307 1002 1349 aquae
1032 1308 1156 1349 quam>
1178 1295 1394 1340 absorbent
1442 1293 1449 1302 ⁷

273 1368 369 1410 haec
412 1380 584 1420 corpora
626 1364 906 1420 hygroscopa,
951 1376 1011 1405 est
1048 1365 1097 1405 ad
1130 1367 1392 1420 quantitatem

272 1451 390 1492 quam
442 1437 492 1478 ad
538 1436 821 1492 *saturationem
874 1435 1107 1486 requirunt,
1155 1435 1213 1475 uti
1266 1446 1391 1486 aquae

271 1508 469 1561 quantitas
496 1518 613 1559 quam
642 1505 822 1545 continet
853 1504 1050 1557 spatium,
1090 1515 1151 1544 est
1176 1504 1227 1545 ad
1266 1516 1390 1557 quan-

270 1577 424 1619 titatem
445 1587 563 1629 quam
588 1574 794 1615 continere
817 1584 980 1626 potest,
1023 1586 1069 1613 ea
1096 1584 1389 1627 temperatura3

269 1657 311 1688 et
340 1647 437 1687 haec
463 1645 513 1687 ad
536 1644 827 1698 perfectionem
860 1643 1001 1684 horum
1039 1642 1389 1686 instrumentorum

269 1718 484 1771 pertinent.
556 1715 661 1755 Cum
698 1724 828 1753 autem
866 1726 989 1766 aquae
1017 1715 1240 1766 quantitas,
1285 1725 1387 1766 quae

269 1787 399 1840 spatio
438 1785 633 1826 contineri
674 1795 837 1836 potest,
881 1797 973 1825 cum
1019 1795 1283 1838 temperatura
1319 1796 1385 1823 va·

268 1860 373 1906 riet,
418 1857 593 1910 sequitur
617 1854 865 1908 hygrometri
905 1854 1198 1903 indicationes,
1241 1852 1385 1906 eodem

268 1929 310 1968 in
341 1927 496 1980 spatio,
533 1924 694 1966 eandem
721 1935 846 1977 aquae
875 1925 1136 1977 quantitatem
1171 1924 1382 1966 continen-

270 2010 308 2037 tc
325 2028 338 2046 ,
368 1997 527 2039 diverfis
550 1994 823 2048 temperaturis
849 1990 1012 2035 variare.

265 2108 292 2112 ,,
326 2064 381 2107 Et
417 2066 516 2123 hoc*
535 2066 705 2118 primum
744 2067 1019 2119 argumentum
1051 2074 1188 2104 contra
1220 2062 1287 2104 CI.
1332 2063 1381 2105 de

267 2130 302 2176 L
319 2148 343 2175 u
361 2147 382 2176 c
422 2135 766 2187 observationem,
809 2128 892 2191 quo
931 2144 1042 2189 patet
1072 2133 1211 2176 Virum
1239 2133 1348 2176 Clar.
1365 2164 1379 2184 ,

1307 2203 1379 2248 suo
