1519 2729
520 211 743 270 (49)

581 350 717 406 ενι.

430 489 843 546 Animadverstones.

135 634 244 677 Cum
277 636 318 676 in
356 637 433 685 iis,
464 648 567 689 quae
598 634 794 675 hactenus
827 631 1093 681 tradidimuS,
1138 632 1214 673 mi-

78 717 161 746 ram
188 701 386 758 quandam
414 706 739 760 progressionem
768 703 981 745 observare
1006 702 1126 744 nobis
1156 702 1216 741 vi-

79 770 271 824 deamur,
303 776 479 829 primum
505 786 593 815 eam
625 785 830 827 exponere
865 786 1087 824 conemur,
1115 782 1219 825 quae

78 841 120 886 ih
145 844 307 898 placitiS
337 846 542 894 cernitur,
575 857 677 898 quae
707 843 1008 896 proposuimus.

137 914 169 958 I.
201 914 327 955 Prout
361 915 484 967 primi
525 914 763 968 philosophi
803 925 894 954 cum
939 913 988 954 de
1024 913 1138 953 bono
1178 921 1221 951 et

75 984 189 1039 justo
217 983 426 1032 dicerent,
459 983 665 1023 civitatem
692 983 849 1037 semper
877 983 932 1024 ob
965 981 1113 1024 oculos
1147 981 1220 1022 ha-

77 1052 258 1104 bebant,
290 1053 473 1105 adeoque
494 1064 614 1094 omne
644 1053 798 1095 bonum
828 1054 869 1094 in
895 1064 948 1093 eo
983 1051 1216 1106 ponebant,

79 1135 124 1165 ut
151 1125 322 1174 civitas,
368 1123 417 1164 ad
456 1135 576 1176 quam
621 1126 756 1166 omnia
789 1123 958 1165 omnino
986 1121 1219 1167 referebant

79 1195 262 1248 antiqui,
307 1194 478 1235 summas
518 1195 559 1235 in
615 1195 726 1235 omni
753 1206 910 1235 „norma
963 1192 1215 1248 agendorum

79 1277 217 1321 ageret
243 1277 406 1318 partesg
452 1266 590 1318 prouti
616 1277 716 1319 ergo
738 1263 910 1318 politica
947 1264 1031 1305 dici
1057 1273 1222 1318 poterat
1246 1285 1247 1291 =

79 1334 148 1376 lex
176 1334 370 1384 moralis,
401 1337 457 1375 ita
487 1334 536 1376 ad
567 1335 756 1375 virtutem
789 1335 915 1388 magis
942 1332 1098 1388 ipsam,
1134 1344 1220 1373 nou

80 1418 179 1446 vero
216 1404 267 1445 ad
305 1406 486 1446 actiones
533 1416 687 1449 tantum
731 1404 987 1448 attenderunt
1029 1402 1221 1446 Socrates

81 1487 124 1516 et
163 1474 294 1516 Plato.

147 1557 181 1586 1.
212 1543 370 1586 Eorum
410 1547 517 1586 enim
556 1545 878 1600 frequentissima
919 1555 1002 1586 erat
1035 1544 1221 1598 disquifi-

85 1615 292 1663 tio,.·nurn
318 1616 503 1656 homines
527 1628 600 1669 per
629 1616 697 1672 se)
729 1618 766 1655 ἐν
789 1616 924 1664 ἐρήμιοι
950 1615 977 1655 fi
1006 1614 1079 1657 fint
1107 1611 1219 1668 (1),

86 1684 186 1724 boni
211 1676 444 1726 habeantur.
505 1685 551 1725 In
584 1685 797 1740 republica
826 1682 905 1739 (2)
935 1684 1002 1725 sua
1029 1684 1111 1724 hoc
1137 1696 1222 1723 ma-

86 1755 194 1796 xime
209 1757 460 1808 propofitum
490 1756 724 1809 persecutus
751 1767 813 1796 est
843 1754 987 1804 Plato,
1015 1765 1078 1803 et,
1108 1752 1222 1807 quod

87 1824 204 1876 supra
225 1823 306 1877 jam
334 1824 595 1866 indicavimus
611 1857 622 1875 ,
654 1836 820 1879 apparet
844 1825 951 1877 apud
971 1824 1100 1877 ipsum
1115 1823 1221 1864 sum·

89 1906 153 1934 ma
180 1893 245 1935 lex
269 1894 459 1945 moralis,
487 1895 553 1936 sed
578 1894 754 1949 politico
784 1894 962 1948 quodam
990 1893 1131 1934 habitu
1160 1893 1221 1932 in-

90 1963 197 2005 duta.
599 1967 603 1971 ’

151 2048 189 2075 2,
220 2033 463 2075 Aristoteles
497 2047 594 2076 vero
629 2034 761 2089 legem
788 2031 898 2074 issam
926 2034 1054 2090 magis
1081 2031 1222 2094 prodi-

1168 2101 1228 2143 'dit

8 2207 25 2238 ζ,
74 2235 77 2239 .
138 2191 201 2235 (ι’)
226 2194 252 2227 Χ
267 2203 284 2227 e
300 2204 319 2226 n
336 2204 392 2238 op
407 2194 426 2227 h
444 2204 497 2228 on
515 2220 525 2235 ,
549 2192 775 2229 Momm-1221.
797 2201 828 2226 c.
850 2201 885 2236 4.
908 2193 999 2237 §19.

141 2247 203 2294 μ’]
227 2250 278 2283 D:
299 2252 377 2284 l<
398 2254 497 2286 im'siv.

611 2308 709 2349 Dc
