1519 2729
728 200 948 257 (36)

331 338 631 394 Experimentis
657 349 748 378 cum
769 337 1022 379 eud10metro
1045 335 1256 385 institutis,
1283 338 1394 377 inve-

270 410 358 459 nit,
403 421 562 450 omnem
603 419 745 460 aquam
772 409 1055 460 praecipitari,
1101 407 1126 448 fi
1154 407 1220 446 aer
1246 417 1394 446 atmos-

269 479 481 532 phaericus
507 476 748 530 phosphoro
774 477 1101 530 decomponitur.
1171 474 1236 516 Ex
1273 487 1394 528 expe-

268 550 450 589 rimentis
491 546 572 587 illis
615 545 851 597 concludit,
895 548 1025 587 aerem
1066 546 1148 586 vim
1178 544 1284 585 suam
1315 543 1393 586 sol-

268 618 419 658 vendae
444 629 568 670 aquae
585 647 598 666 ,
630 617 834 671 oxygenio
863 615 1024 656 debere.

324 687 410 727 Aet
435 686 778 738 atmosphaericus
807 684 994 725 humidus
1023 694 1063 724 et
1089 685 1238 733 siccus,
1265 684 1323 723 uti
1352 693 1393 723 et

265 755 343 796 alia
378 767 480 808 quae
523 755 764 795 examinavit
807 765 909 808 gaz,
945 752 1120 806 aliquam
1163 765 1246 793 non
1286 751 1392 792 solu-

264 835 328 864 tae
356 836 481 878 aquae
509 825 692 865 continet
720 824 1010 877 quantitatem,
1057 834 1158 875 quae
1195 834 1391 876 vaporum

263 893 435 935 formam
465 891 647 933 calorico
674 894 793 934 unice
817 892 952 934 debet.
1013 891 1086 932 Illa
1108 902 1239 933 autem
1267 903 1392 944 quan·
1418 902 1420 905 ’

264 964 355 1003 titas
397 975 462 1012 0,1
508 972 662 1014 partem
703 962 826 1004 efficit
859 963 1117 1016 quantitatis,
1163 974 1281 1014 quam
1323 961 1393 1000 aei·

261 1031 432 1072 solutam
461 1042 594 1071 tenere
621 1041 770 1084 potest.
837 1032 1066 1086 Distinguit
1109 1033 1213 1071 enim
1255 1023 1388 1084 dupli-

261 1113 353 1142 cem
391 1101 687 1154 evaporationis
725 1101 926 1155 speciem,
964 1100 1181 1156 phyficam
1222 1112 1262 1141 et
1295 1098 1388 1141 che-

258 1171 428 1212 micam.

316 1239 525 1294 VaporeS,
566 1240 696 1292 prima
742 1242 1041 1294 evaporationis
1079 1240 1212 1294 specie
1255 1241 1393 1280 orien-

260 1322 350 1359 tes,
395 1308 470 1350 soli
513 1309 682 1350 &alorici
721 1312 874 1351 actioni
926 1311 1125 1365 originem
1170 1310 1276 1350 suam
1320 1309 1386 1350 de-

256 1378 383 1427 bent,
414 1390 454 1418 et
471 1377 635 1432 physici
658 1379 876 1431 dicuntur;
920 1393 1060 1422 eorum
1102 1381 1387 1434 praecipitatio

251 1445 425 1502 phyfiqa
453 1449 695 1490 nominatur.

268 1528 270 1531 ·
316 1514 496 1556 Alterius
523 1515 672 1569 speciei
700 1531 900 1572 vapores,
932 1533 1036 1573 quos
1077 1517 1277 1561 chemicos
1313 1532 1387 1560 vo-

257 1595 352 1633 cat,
396 1584 579 1636 perfecte
614 1586 852 1639 solvunturz,
897 1588 1041 1630 horum
1082 1590 1386 1643 praecipitatio-

255 1665 348 1694 nem
379 1653 610 1696 clzemicam
640 1656 753 1698 dicit.

315 1723 498 1785 Vapores
519 1725 697 1777 phyfici,
724 1727 856 1769 aerem
871 1740 952 1768 non
977 1729 1106 1768 minus
1135 1726 1384 1780 pellucidum

256 1793 455 1846 reddunt,
487 1794 513 1835 fi
541 1795 622 1836 illis
647 1808 730 1838 non
759 1797 950 1838 saturatus
979 1808 1052 1837 est.
1118 1795 1384 1850 Temperatu-

254 1865 298 1904 τᾶ
326 1876 450 1917 aquae
492 1866 743 1920 congelantis
784 1879 922 1908 omnes
952 1867 994 1907 hi
1022 1879 1194 1920 vapores
1228 1868 1383 1919 praeci-

253 1933 460 1985 pitanturt,
503 1935 769 1988 temperatura
810 1937 934 1990 igitur
964 1935 1066 1976 infra
1093 1936 1224 1977 hocce
1253 1949 1382 1990 punc-

256 2012 340 2042 tum
356 2031 369 2050 ,
399 2002 460 2044 illi
489 2015 659 2056 vapores
680 2005 721 2044 in
746 2005 838 2046 a‘e're
865 2006 1038 2045 existere
1063 2016 1282 2058 nequeunt.

310 2069 464 2110 Omnes
490 2083 588 2126 ergo
610 2085 734 2127 aquae
758 2087 958 2128 vapores,
1001 2075 1069 2127 qui
1111 2074 1214 2114 infra
1255 2087 1382 2128 aquae

252 2140 502 2194 congelantis
532 2153 838 2194 temperaturam
877 2146 917 2184 in
943 2145 1033 2185 aere
1067 2129 1233 2193 adsunt,
1283 2145 1379 2186 che-

253 2209 350 2253 mici
402 2208 504 2250 sunt.
605 2208 802 2256 Chemica
860 2213 1093 2269 evaporatio
1142 2225 1182 2255 et
1221 2216 1377 2267 praeci-

1314 2296 1376 2337 ΡΙ·

1510 734 1519 774 'a

1507 796 1519 823 ἢ

1508 846 1519 957 ᾗ

1504 961 1519 977 ,1

1496 1063 1517 1186 1

1498 1187 1514 1223 επ

1485 1249 1491 1254 ·
1518 1245 1519 1259 i

1495 1286 1503 1308 's
