1519 2729
617 157 839 214 (41)

164 297 265 354 plici
292 300 346 339 ita
367 297 479 339 fimul
507 285 689 353 fungitur
711 298 882 352 negotio
899 326 912 346 ‚
940 307 984 338 ut
1013 296 1099 339 scil.
1129 292 1288 351 sangui-²

163 383 254 410 nem
294 370 463 422 recipiat
505 368 818 422 dispergatqueg
864 378 934 417 et,
969 374 1180 421 antequam
1205 367 1288 407 hoe

163 438 333 493 praestet
349 467 361 489 ‚
390 438 542 479 eisdem
566 439 726 492 organis
748 439 798 478 ad
819 438 1032 491 pulmones
1058 438 1290 492 sanguinem

165 510 298 550 ducat.
360 508 418 548 Ita
445 509 526 548 duo
556 507 695 549 adsunt
735 508 932 559 effectus,
965 511 1073 562 iique
1101 507 1220 549 utiles
1249 516 1292 546 et

162 578 375 620 necessarii
392 609 405 627 ,
438 580 507 632 qui
534 591 610 618 una
637 579 858 633 eademque
887 580 1071 620 machina
1092 575 1291 630 praestan-

133 671 137 674 -
165 661 241 691 tur.
273 676 318 683 -
348 649 696 704 Conjunctionem
717 651 935 703 praevisim
961 649 1174 702 pulmones
1189 648 1293 686 inter

164 731 206 760 et
235 731 307 760 cor
343 717 463 759 facile
490 719 711 773 agnoscet,
755 721 824 772 qui
847 720 1161 767 animadvertat,
1202 725 1289 756 eam

170 789 226 830 ob
281 788 436 830 causam
473 801 644 842 eumque
688 791 729 830 in
769 790 1126 841 finem‚'quatuor
1152 785 1290 827 haberi

165 860 355 900 cavitates
370 889 382 907 ‚
415 857 509 898 duas
529 860 771 911 recipientes
797 858 1025 912 sanguinem
1041 889 1054 908 ,
1084 855 1180 898 duas
1200 867 1293 896 eum

164 928 411 980 respuentes.
446 925 525 981 (Ι)
668 978 671 981 ,

224 997 280 1038 Et
310 1006 396 1050 quav
413 997 570 1037 tandem
600 1000 755 1038 ratione
781 993 988 1038 valvarum
1015 997 1087 1037 usu
1111 995 1295 1050 indigere

163 1067 414 1121 possemus?
466 1066 692 1121 Quomodo
721 1067 863 1108 melius
891 1078 1030 1108 eorum
1060 1066 1159 1106 loco
1188 1063 1298 1105 aliud

165 1137 270 1190 quid>
295 1138 378 1178 dari
407 1137 571 1190 posset?
617 1137 767 1178 Cordis
796 1136 1010 1178 ventriculi
1038 1136 1170 1183 enim,
1200 1146 1294 1174 cum

165 1199 396 1262 sanguinem
411 1219 658 1261 conceptum
674 1208 901 1261 exprimant
917 1238 930 1258 ‚
952 1208 1018 1248 hic
1036 1206 1190 1261 vulgari
1205 1217 1295 1245 cur-

165 1278 210 1319 su
225 1278 504 1331 respueretur,
536 1279 681 1329 partim
703 1280 744 1318 in
757 1291 897 1318 venam
913 1278 1020 1318 unde
1033 1286 1222 1324 venerat,
1255 1285 1299 1314 et

167 1349 312 1406 partim
346 1359 497 1387 tantum
529 1349 568 1387 in
600 1349 809 1397 arteriam,
841 1361 942 1400 quae
975 1348 1205 1400 sanguinem
1233 1344 1295 1385 ul-

164 1419 295 1457 >terius
322 1416 469 1458 ducere
500 1417 644 1457 debet:
677 1430 728 1457 eo
755 1420 879 1471 igitur
905 1418 1087 1470 spectant
1115 1414 1298 1456 valvulae

168 1489 298 1537 istae,
338 1500 384 1528 ut
427 1488 668 1541 impediatur
695 1488 895 1542 sanguinis
925 1489 964 1527 in
996 1499 1137 1527 venam
1167 1497 1297 1527 retro-2

163 1560 329 1613 ‘gi-esfio.
392 1557 479 1598 Hae
517 1558 587 1598 nifi
627 1558 835 1606 adessent,
874 1570 1087 1610 quamnam
1135 1557 1294 1597 tandem

170 1628 381 1680 praestaret
407 1628 621 1668 utilitatem
649 1641 721 1668 cor
748 1629 965 1668 nostru-m?
1010 1626 1176 1668 Nullam
1208 1627 1294 1667 fere

171 1696 362 1748 praestare
388 1697 536 1749 posset.
597 1696 724 1738 Hisce
751 1699 806 1738 ita
833 1696 1004 1737 valvulis
1034 1699 1220 1751 exiguis,
1253 1698 1294 1736 in

112 1811 117 1815 ,
171 1759 416 1806 harmoniam
462 1768 632 1808 redactis
663 1781 755 1808 cum
786 1769 955 1809 caeteris
996 1767 1132 1808 cordis
1171 1768 1294 1820 parti-

172 1837 274 1885 bus,
315 1838 395 1876 vita
426 1839 709 1883 conservatur,
753 1851 854 1891 quae
886 1840 964 1879 fine
993 1836 1074 1878 illis
1099 1837 1296 1891 pereundi

170 1906 397 1960 periculum
426 1909 622 1947 continuo
652 1907 816 1949 subiret.

168 1996 171 1997 ⁷
228 1973 410 2017 Arteriae
439 1979 514 2017 rite
545 1990 829 2030 comparantur
860 1992 951 2020 cum
993 1977 1198 2020 canalibus
1223 1991 1296 2031 per

171 2049 311 2088 urbem
360 2059 476 2087 rusve
520 2046 748 2089 fluentibus.
793 2073 839 2083 —-
885 2048 986 2089 Sunt
1026 2050 1133 2089 enim
1176 2050 1294 2090 tubae

1240 2118 1296 2159 la-

215 2193 278 2241 (1)
304 2196 374 2229 Pal
389 2205 460 2237 ey,
486 2203 510 2229 t.
530 2204 558 2230 a.
580 2206 616 2238 p.
644 2193 715 2230 Xd‘.
738 2194 919 2239 HOOfilstuk·
