1519 2729
754 140 781 194 <'
841 153 893 194 34
954 137 978 191 )

771 276 979 330 §XXVL

372 419 473 461 Fere
510 419 718 466 omnium,
763 416 832 470 qui
874 414 924 455 de
963 428 1006 456 re
1041 415 1237 455 Botanica
1266 411 1432 465 scripse·
1505 457 1519 470 ⁴-

315 500 433 538 runt,
476 500 596 528 nemo
640 485 865 539 plantarum
894 485 1074 526 habitum
1105 485 1202 525 tanti
1231 485 1271 524 in
1302 482 1432 524 clasfi-

316 558 474 600 ficando
514 557 627 600 duxit
679 556 902 604 momenti,
958 567 1076 607 quam
1119 552 1284 595 Henr.
1309 552 1431 606 Joh.
1507 547 1519 561 '⁴

313 627 356 669 N
371 640 393 667 e
410 641 436 681 p
454 639 547 667 om.
592 623 629 665 C
647 637 700 665 ra
715 634 770 664 nt
786 636 836 671 Ζ,
876 623 1054 665 Viennae
1083 622 1318 670 Professor,
1363 621 1433 674 qui

316 697 392 737 hac
422 697 471 736 de
498 708 541 735 re
566 695 670 734 inter
698 689 775 734 iilia
797 693 849 734 fic
879 695 1001 734 verba
1027 693 1150 734 facit:
1192 721 1222 746 „
1251 691 1432 732 habitum

311 795 342 820 „
370 766 489 806 rebus
530 764 672 805 creatis
714 775 852 804 natura
885 750 1170 817 ingeneravit3
1218 762 1284 802 hic
1325 760 1433 801 solus

316 865 345 889 ‚,
374 832 614 889 vegetabilia
636 832 700 873 vel
727 833 843 881 unit,
882 831 947 872 vel
977 832 1200 886 disjungit,
1246 831 1432 882 systema-

315 934 345 958 „
375 917 413 944 ta
445 903 641 943 Botanica
670 903 816 955 probat
847 913 914 942 aut
953 901 1101 955 rejicit.
1176 899 1430 948 Absolutus,

313 1004 342 1027 „
373 973 597 1014 infallibilis
621 971 709 1012 est'’
742 970 836 1025 (1).

372 1042 459 1083 I-Iac
492 1042 684 1094 opinione
715 1041 887 1089 ductus,
932 1040 1086 1093 plantas
1113 1039 1244 1080 divifit
1267 1040 1308 1079 in
1337 1051 1432 1088 eas,

313 1127 480 1168 quarum
506 1113 664 1153 habitus
692 1122 752 1150 est
779 1111 986 1152 absolutus
1010 1121 1076 1150 aut
1116 1108 1310 1162 simplex,
1354 1109 1432 1149 affi-
1484 1154 1487 1155 ⁷
1518 1150 1519 1159 ἵ

313 1186 376 1224 nis
405 1194 471 1223 aut
494 1181 730 1230 absolutus,
762 1180 1042 1234 deliquescens
1072 1190 1139 1219 aut
1167 1179 1340 1229 denique
1371 1177 1433 1217 so-
1509 1223 1511 1225 ,

265 1260 267 1265 ‘
315 1251 526 1295 lummodo
552 1249 717 1303 fimplex
746 1247 841 1304 (2).
903 1250 1023 1292 Suam
1053 1247 1288 1289 methodum
1315 1248 1355 1287 in
1386 1258 1432 1299 13
1483 1235 1510 1290 ²„

317 1323 516 1366 ordinavit
541 1311 699 1362 elasses.

764 1436 790 1488 ς
819 1434 995 1476 ΧΧνΗ.

373 1567 532 1610 Classes
560 1564 740 1606 methodi
771 1563 807 1604 C
825 1576 843 1603 r
858 1575 879 1603 a
894 1575 919 1602 n
935 1574 950 1602 t
968 1575 988 1602 z
1006 1563 1015 1600 i
1033 1562 1044 1601 i
1076 1560 1191 1601 sunt:

430 1638 462 1680 1.
523 1633 1093 1687 Cryptanthac.

586 1715 614 1738 1.
636 1703 769 1736 Filices.

582 1773 613 1795 2.
639 1759 762 1793 Musei.

579 1827 611 1860 3.
635 1817 753 1858 Algae.

582 1885 615 1917 4.
639 1872 755 1914 Fungi-

1273 1911 1433 1954 IL'In-

363 2011 425 2057 (1)
449 2009 657 2054 hstitutiones
677 2009 725 2042 rei
751 2007 933 2041 Her-bariae
953 2004 1058 2047 juxta
1080 2009 1191 2037 metum
1220 2008 1359 2035 naturae
1384 2002 1434 2035 di-

313 2076 421 2110 gestae
443 2078 483 2100 ex
510 2066 624 2099 habitu
638 2090 649 2105 ,
674 2064 818 2098 viennae
850 2061 947 2104 1766.
975 2069 1049 2102 pag.
1075 2069 1134 2101 53.

368 2120 431 2165 (ε)
457 2122 548 2155 Haec
577 2120 703 2161 verba,
740 2119 798 2154 soli
822 2119 850 2154 C
867 2127 943 2151 ran
960 2124 1004 2149 tz
1020 2116 1030 2148 i
1046 2125 1066 2148 o
1102 2115 1255 2159 propria,
1279 2115 1343 2159 ipse
1367 2123 1434 2149 nou

318 2179 388 2212 satis
411 2178 573 2213 intellexi.
