1519 2729
1220 177 1277 206 XV

197 317 489 376 Astronomiae
508 313 679 368 primas
710 308 887 352 notitias
917 305 971 348 G.
1001 302 1201 352 MOLL‚
1234 304 1273 344 d.

140 404 284 452 lunae,
318 400 482 447 martis,
514 396 621 437 iovis
646 405 688 434 et
714 391 870 434 veneris
887 420 900 440 ‚
933 389 973 429 h.
991 387 1063 428 IX.
1091 386 1154 427 vel
1171 386 1272 436 alia,

137 485 388 533 auditoribus
417 481 543 536 magis
574 475 804 519 commoda.

193 566 506 625 Astronomz'am
551 559 828 602 theoreticam
868 564 908 598 et
930 553 1178 609 practicam
1209 551 1265 593 G.

135 650 308 694 MOLL
326 680 338 700 ,
371 647 461 689 iisd.
491 646 529 687 d.
557 645 597 685 h.
630 642 704 684 III.

190 734 418 778 Elementa
486 724 836 783 Hydrotechniae
857 753 869 773 ‚
927 721 977 762 ad
1025 718 1272 774 praesentem

142 818 421 860 conditionem
451 807 863 862 Patriaeadplicata,
923 802 1090 858 belgico
1123 802 1272 842 sermo-

131 913 184 941 ne
225 908 409 953 exponet
443 896 497 937 G.
529 891 730 942 MOLL‚
791 866 892 953 hera
943 887 1134 938 deinceps
1170 883 1274 924 indi-

140 982 278 1024 canda.

189 1064 412 1107 Chemiam
453 1059 699 1116 generalem
741 1065 782 1096 et
823 1054 1091 1108 applicatam
1130 1049 1187 1091 N.
1218 1048 1271 1089 C.

131 1162 187 1191 DE
218 1144 545 1193 FREMERY,
591 1142 734 1183 diebus
762 1138 911 1188 lunae,
957 1137 1122 1184 martis,
1170 1145 1275 1174 mer-

134 1233 266 1280 curii,
298 1231 402 1270 iovis
432 1240 472 1268 et
497 1227 684 1273 venem,
716 1224 756 1264 h.
784 1221 880 1262 XII.

188 1313 447 1356 Botaaicam
487 1319 528 1350 et
578 1305 887 1361 Physiologiam
920 1303 1184 1356 plantarum
1237 1296 1270 1338 Ι.

132 1397 276 1440 KOPS
295 1428 308 1445 ‚
338 1396 377 1436 d.
415 1394 578 1441 martis,
611 1392 715 1431 iovis
738 1401 778 1429 et
805 1387 986 1434 veneris,
1017 1385 1117 1425 hora
1147 1380 1201 1422 X.

189 1463 435 1534 Zob'logiam
458 1475 734 1536 genetfaleat,
781 1483 875 1513 cum
919 1468 1132 1510 Anatome
1173 1477 1279 1506 com-

130 1573 300 1618 parata
343 1563 605 1603 coniunctam
623 1588 645 1607 ‚.
679 1555 735 1598 N.
773 1555 826 1596 C.
855 1567 911 1594 DE
943 1546 1273 1595 FREMERY,

136 1648 277 1689 diebus
305 1645 447 1693 lunae,
480 1643 616 1695 mattis
634 1671 647 1690 ,
680 1639 784 1680 iovis
809 1648 849 1678 et
876 1637 1033 1677 veneris
1051 1665 1064 1681 ‚
1097 1633 1137 1672 h.
1167 1630 1243 1671 XI.

194 1730 465 1771 Aaimaliam
506 1739 585 1767 non
629 1722 975 1764 vertebratorum
1027 1715 1274 1757 Historiam

137 1813 382 1854 naturalem
417 1810 454 1851 T
458 1824 497 1851 H.
544 1808 598 1849 G.
633 1820 721 1848 VAN
753 1801 939 1845 LIDTH
967 1813 1023 1842 DE
1052 1796 1271 1843 IEUDE‚

138 1895 280 1937 diebus
307 1906 349 1934 et
378 1893 487 1934 horis
515 1888 767 1932 auditoribus
797 1884 1042 1927 commodis,

196 1976 537 2031 IWitteralogiam
577 1972 634 2014 N.
667 1972 719 2012 C.
755 1983 810 2010 DE
840 1963 1169 2011 FREMERY‚
1214 1963 1276 2003 bis

140 2075 213 2117 per
242 2062 396 2103 dierum
426 2042 744 2105 hebdomadem,
777 2053 876 2095 hora
892 2048 1146 2092 auditoribus
1162 2059 1275 2088 com-

142 2145 274 2188 moda.

201 2226 495 2271 Oecoaomiam
521 2224 718 2268 ruralem
744 2220 778 2265 Ι.
805 2217 949 2264 KOPS
967 2248 982 2268 ‚
1029 2217 1170 2269 diebus
1214 2215 1275 2254 io-

1220 2308 1281 2337 vm
