1519 2729
730 217 955 277 (ω)

281 354 443 401 actione
471 359 616 412 iiquidi
640 351 754 412 quod
792 362 872 416 jam
913 363 1052 412 adest,
1092 362 1183 404 ‘tum
1214 361 1400 415 operatio

278 442 372 471 vera
407 442 467 472 est
506 429 734 471 dissolutio.
799 431 931 473 Priori
969 435 1008 473 in
1050 432 1142 475 casu
1179 436 1401 488 generatim

279 500 409 554 major
452 500 620 542 calorici
669 504 872 554 quantitas
912 504 1155 545 absorbetur
1202 518 1322 558 quam
1361 505 1402 544 in

279 568 441 620 altero,
485 571 524 611 in
556 573 640 624 quo
671 573 805 614 minor
847 573 1015 615 calorici
1043 575 1242 628 quantitas
1269 574 1402 628 requi·

277 640 380 680 titur
422 652 466 681 ut
500 640 607 681 idem
652 642 900 694 producatur
940 643 1137 694 effectus,
1189 658 1282 685 cum
1336 656 1402 685 ac÷

278 710 340 750 tio
374 709 518 764 liquidi
577 712 690 765 quod
734 712 857 754 solvit
898 713 1068 755 calorici
1108 716 1261 755 actioni
1311 714 1404 769 jun-

275 790 406 835 gatur.

334 849 395 892 Ita
437 852 558 893 etiam
614 851 768 907 liquida
816 855 976 896 duobus
1025 854 1157 895 modis
1204 854 1245 894 in
1282 851 1405 894 fluida

274 918 442 960 elastica
485 932 719 974 transeunt,
764 924 829 966 vel
875 924 958 965 sola
999 923 1168 965 calorici
1211 924 1402 972 actione,

277 990 336 1029 uti
378 991 419 1030 in
453 990 795 1047 vaporisatione,
840 996 904 1036 vel
945 996 1106 1035 actione
1147 994 1248 1034 alius
1289 992 1402 1034 fluidi

273 1058 432 1101 elastici
463 1061 546 1116 jam
573 1063 768 1114 formati,
798 1066 856 1106 uti
885 1066 926 1105 in
954 1064 1276 1118 evaporatione,·
1307 1075 1402 1103 cum

275 1140 409 1171 autem
448 1130 530 1172 hoc
575 1133 616 1172 in
657 1134 750 1175 casu
806 1135 975 1177 calorici
1020 1134 1133 1188 quod
1184 1133 1403 1174 absorbent

272 1201 479 1252 quantitas
506 1200 575 1242 illa
605 1202 736 1244 multo
765 1206 899 1247 minor
927 1216 1017 1254 est,
1050 1217 1130 1257 qua
1158 1205 1199 1244 in
1227 1213 1400 1256 vapores
1448 1243 1467 1261 s„
1488 1195 1501 1210 ⁴

271 1272 467 1311 converti
495 1273 692 1325 possunt,
736 1287 904 1329 oportet
947 1287 991 1316 ut
1019 1276 1131 1321 actio
1159 1274 1271 1316 fluidi
1299 1272 1404 1314 elasa

276 1340 351 1381 tici
381 1341 640 1384 dissolventis
671 1345 1019 1387 calorici'actioni
1040 1345 1180 1400 juncta
1209 1344 1270 1384 fit.

334 1408 391 1452 Et
421 1411 503 1452 hoc
532 1425 682 1454 novum
717 1428 996 1470 argumentum
1029 1415 1115 1455 esse
1143 1415 1268 1462 dicit,
1315 1427 1402 1468 quo

274 1479 472 1522 refutatur
500 1481 676 1528 ,fluorum
724 1485 894 1539 opimo,
940 1488 1010 1540 qui
1054 1486 1227 1526 statuunt
1264 1485 1400 1526 aerem
1481 1514 1486 1529 ,

272 1549 429 1591 ”Ullam
450 1564 593 1604 aquam
610 1582 622 1601 7
667 1552 745 1592 nifi·
769 1555 937 1597 calorici
967 1558 1128 1597 actione
1157 1556 1197 1594 in
1225 1566 1399 1608 vapores

271 1620 510 1661 conversam
528 1653 541 1671 ‚
587 1622 807 1665 dissolvere
853 1625 987 1679 posse.
1075 1624 1244 1679 Vulgari
1289 1625 1397 1665 enim

274 1692 546 1744 temperatura
575 1706 677 1746 aqua
706 1707 909 1748 nunquam
935 1695 1186 1749 vaporisatur
1201 1694 1271 1736 sub
1286 1706 1396 1746 pres-

272 1760 381 1801 fione
409 1763 744 1816 atmosphaerae,
781 1777 823 1806 et
851 1767 891 1806 in
919 1766 1061 1808 statum
1087 1766 1232 1819 liquidi
1260 1764 1396 1805 elasti-

270 1831 313 1871 ci
344 1833 509 1872 transire
537 1835 709 1887 nequit,
755 1836 825 1876 nifi
850 1837 895 1878 fit
921 1837 960 1876 in
988 1828 1179 1877 contactu
1207 1847 1300 1876 cum
1329 1836 1395 1876 a'e‘-
1452 1840 1466 1885 j

270 1913 314 1940 re
339 1914 422 1941 non
455 1901 658 1957 saturato,
689 1904 754 1945 vel
784 1905 865 1946 alio
894 1906 1019 1947 fluido
1047 1905 1246 1955 elasam,
1279 1906 1395 1960 cujus

268 1972 309 2010 vi
364 1971 610 2013 dissolvente
669 1987 746 2016 una
811 1989 904 2016 cum
959 1975 1141 2016 calorico
1193 1975 1393 2030 produca-

266 2051 332 2098 tur
358 2041 554 2094 effectus,
599 2058 723 2099 quem
748 2045 878 2099 solum
903 2045 1127 2086 caloricum
1164 2045 1391 2099 producere

266 2115 422 2165 nequit.

326 2196 364 2237 3.
408 2183 528 2237 Aqua
570 2187 596 2226 fi
652 2186 703 2226 ab
749 2187 841 2228 aere
884 2185 949 2227 vel
1001 2186 1266 2240 temperatura
1323 2185 1388 2228 vel
1433 2194 1438 2199 '

266 2254 471 2307 presfione
537 2255 734 2298 diminuta
788 2255 1064 2310 relinquatur,
1129 2256 1387 2299 vefieularem

1300 2326 1384 2367 for·

1481 983 1510 1152 a?

1481 1167 1500 1288 ἑ
