1519 2729
732 165 958 222 (68)

295 314 417 345 tatem
456 314 498 345 et
553 314 685 345 rerum
735 305 1015 358 cognitionem
1071 302 1400 356 provehendam;

291 386 344 415 eo
373 376 559 416 nimirum
586 373 767 428 fungitur
795 375 930 415 officio
947 405 959 424 ‚
990 386 1034 416 ut
1059 387 1134 415 nos
1173 376 1323 416 excitet
1351 373 1402 414 ad

296 444 476 485 veritatis
502 444 856 497 investigationem*
866 473 880 494 ‚
911 455 1032 498 atque
1045 444 1298 497 voluptatem
1325 455 1402 482 no·

293 513 356 553 bis
386 514 603 566 praebeat,
643 500 746 565 ¹qua,
787 513 836 553 ad
865 525 927 553 res
957 514 1267 568 cognoscendas
1298 513 1402 553 veri-

291 594 493 636 tatemque
523 581 807 636 indagandam,
845 594 896 622 eo
938 584 1064 636 magis
1100 583 1255 636 impelli
1298 582 1401 624 sole-

291 665 432 701 amus3
465 652 645 703 quamvis
675 663 760 690 eam
788 661 829 690 et
857 662 1027 703 propter
1052 651 1090 692 se
1118 653 1241 704 ipsam
1266 651 1403 692 laude-

288 733 377 761 mus
404 733 445 762 et
470 707 716 772 expetamtss.
785 717 947 760 Tantus
987 721 1097 762 enim
1139 730 1200 761 est
1227 721 1401 762 innatus

287 791 333 831 in
360 790 473 830 nobis
501 789 746 844 cognitionis
774 802 896 834 amor
925 800 966 830 et
982 787 1224 844 scientiae,
1255 799 1303 830 ut
1331 802 1403 845 ne-

289 873 351 900 mo
366 859 565 907 dubitare
577 857 724 912 posfit‚
753 859 856 913 quin
885 859 946 900 ad
971 873 1043 901 eas
1059 874 1154 909 res,
1187 858 1402 900 hominum

287 940 482 979 natura,
528 928 641 970 nullo
683 929 950 971 emolumento
988 930 1209 979 invitata,
1247 929 1402 983 rapia-

287 1009 376 1041 tur.
409 996 489 1052 (1)
554 996 670 1052 Quid
693 1009 789 1038 vero
806 1028 819 1048 ‚
851 999 926 1053 qui
952 998 1144 1052 ingenuis
1172 996 1318 1049 studiis
1334 1007 1402 1039 at·-

287 1083 368 1125 que
393 1068 562 1111 artibus
606 1067 905 1116 delectantur,
947 1080 1081 1108 nonne
1123 1066 1309 1108 videmus
1337 1079 1401 1107 eos

285 1152 362 1181 nec
403 1136 690 1186 valetudinis,
735 1147 809 1178 nec
848 1137 914 1177 rei
947 1134 1198 1190 familiaris
1240 1135 1401 1177 habere

285 1208 522 1256 rationem,
554 1206 776 1261 omniaque
797 1207 996 1260 perpeti,
1030 1202 1125 1261 ipsa
1167 1205 1401 1260 Cognitione

287 1288 330 1319 et
347 1274 536 1332 scientia
565 1283 706 1329 captos
721 1275 744 1316 ,9
789 1274 906 1330 Quid
944 1275 993 1316 de
1029 1275 1060 1316 P
1077 1289 1102 1328 y
1120 1286 1134 1314 t
1150 1275 1175 1315 h
1190 1287 1213 1315 a
1228 1287 1256 1329 g
1271 1288 1297 1316 0
1313 1287 1365 1315 ra
1379 1276 1400 1316 2

287 1348 394 1404 quid
419 1348 466 1387 de
497 1346 740 1388 Platone
769 1346 965 1400 loquar,
993 1345 1196 1399 aquibus
1218 1352 1400 1398 propter

287 1415 473 1472 distendi
502 1415 779 1468 cupiditatem
819 1415 1004 1456 videmus
1047 1414 1223 1455 ultimas
1251 1424 1398 1455 terras

288 1486 371 1544 esse
394 1483 702 1541 peragratas?
746 1483 806 1524 Ita
835 1484 916 1525 hoc
960 1483 1092 1524 studio
1134 1484 1278 1525 ductus
1323 1483 1400 1526 ho-

287 1571 357 1599 mo
386 1558 527 1596 itinera
558 1553 721 1606 suscipit
746 1552 1009 1600 difficillima,
1053 1563 1092 1592 et
1136 1554 1304 1606 patriam
1335 1565 1397 1594 re-

285 1628 474 1681 linquens
514 1635 634 1676 atque
663 1624 846 1670 amieos,
879 1632 984 1661 trans
1013 1620 1177 1662 infidum
1206 1621 1396 1678 pelagum

287 1699 403 1751 saepe
433 1707 524 1737 cum
547 1695 652 1733 vitae
680 1691 866 1746 periculo
897 1691 1084 1745 navigat,
1117 1702 1161 1731 ut
1187 1703 1311 1732 novas
1334 1706 1396 1733 re-

285 1769 430 1823 giones
459 1763 634 1806 inveniat
661 1774 807 1815 easque
833 1760 1021 1814 indaget,
1054 1760 1277 1802 incolarum
1308 1775 1396 1803 mo-

285 1847 350 1875 res
379 1843 480 1874 caet.
508 1829 722 1884 exploret,
767 1842 808 1871 et
837 1831 877 1870 in
906 1831 1076 1884 patriam
1104 1830 1228 1872 redux
1255 1844 1395 1874 exacta

285 1903 447 1946 referat.
1150 1888 1152 1891 ’

345 1971 444 2026 Quo
475 1969 601 2024 magis
631 1979 761 2009 autem
789 1967 958 2009 alicuius
986 1967 1219 2022 disciplinae
1249 1972 1398 2023 peritia*

286 2041 566 2096 proficiamus,
610 2050 662 2079 eo
703 2038 828 2093 magis
863 2039 949 2078 eius
991 2051 1103 2080 amor
1155 2052 1230 2080 nos
1270 2052 1393 2080 tenet.

1272 2107 1394 2151 Haec

333 2182 396 2230 (ι)
420 2183 519 2219 Cic.
540 2183 578 2217 de
604 2183 671 2217 Fin.
692 2183 734 2219 L.
761 2185 802 2219 V.
829 2194 863 2219 c.
889 2185 1016 2228 18,19.
