1519 2729
560 181 590 248 (
647 185 702 249 ‘sb
762 182 786 247 ‘')

127 321 296 384 effliers‘
314 335 389 392 qm'
417 328 468 376 en
498 332 760 388 de'pemlentg
792 331 968 383 primum
997 327 1082 382 agit
1097 325 1146 366 de
1162 314 1264 365 con-⁷·

128 417 333 464 stitutione
375 430 501 472 aquae
530 417 660 457 forma
700 414 863 468 v'aporis
892 413 931 452 in
962 408 1262 462 Atmosphaera

129 510 373 552 contentae,
411 501 552 542 deinde
580 500 628 540 de
659 499 778 553 hujus
820 493 1119 537 constitutionis
1145 489 1264 530 theo-

130 590 200 630 ria.
261 586 351 635 Ea,
384 585 565 638 quamvis
595 583 722 636 priori
752 579 949 627 inferior,
982 575 1200 630 praecipue
1223 573 1264 611 in

130 651 382 724 explicandis
409 679 529 721 atque
561 663 829 720 dijudicandis
865 660 1026 702 diversis
1069 656 1268 706 theoriis,

132 748 310 795 {meroris
342 764 473 792 tamen
503 760 730 790 accuratam
766 746 1023 791 doctrinam,
1067 740 1268 796 judicium

133 849 254 891 atque
294 835 543 890 diligentiam
588 834 642 872 ita
671 830 850 878 indicat,
896 838 941 867 ut
977 839 1070 866 eum
1100 823 1268 878 dignum

135 920 337 962 censuerit
363 917 478 957 Ordo
494 947 507 962 ,
540 917 608 968 qui
633 913 811 967 publicis
839 909 1026 952 laudibus
1048 916 1271 947 ornaretur.

136 1003 271 1046 Solito
301 1001 425 1056 igitur
455 1010 598 1047 more,
632 996 699 1036 sed
728 983 904 1042 frustra,
935 992 985 1032 ab
1017 990 1172 1031 Ordine
1203 1000 1270 1028 ro-

136 1088 252 1142 gatus
284 1095 371 1134 est,
402 1094 447 1124 ut
476 1081 588 1140 suum
610 1080 746 1120 ederet
775 1089 941 1118 nomen.

144 1163 159 1185 ²
193 1169 255 1211 Te
293 1180 392 1222 ergo
435 1166 514 1206 huc
558 1164 749 1212 advoco,
793 1160 1042 1216 dignisfimi‚
1093 1154 1281 1210 quamvis

137 1254 221 1294 iion
249 1251 381 1305 palam
411 1236 594 1304 cognith'
641 1244 790 1287 aemuli
818 1242 959 1291 victor',
985 1243 1026 1281 in
1057 1238 1279 1280 certamine

137 1335 364 1377 litterario!
397 1332 593 1373 Debitam
619 1330 722 1370 hane
750 1323 925 1381 palmam
956 1324 1031 1364 tibi
1068 1323 1159 1363 dare
1189 1333 1280 1375 ges-

140 1420 228 1469 tio,
273 1416 503 1458 amicisfimi
545 1412 731 1467 collegae
775 1410 888 1451 filio!
935 1407 1060 1449 Nunc
1099 1415 1199 1446 vero
1229 1403 1281 1443 de

141 1501 254 1559 parta
296 1498 470 1542 victoria
513 1496 682 1551 publice
711 1494 787 1540 tibi
813 1491 1012 1534 exsultare
1042 1489 1170 1538 licet,
1209 1486 1280 1540 qui

144 1587 334 1626 timorem
364 1584 499 1624 animo
525 1579 685 1634 pulsum
703 1609 716 1627 ‚
761 1576 828 1617 sed
856 1576 939 1629 spei
967 1585 1057 1615 tuae
1101 1569 1282 1613 cumula·-

142 1670 290 1710 t'isfime
320 1665 566 1708 satisfactum
593 1662 757 1705 videas!
790 1659 918 1701 Patris
947 1659 988 1711 in
1015 1655 1098 1697 alio
1133 1652 1289 1695 studio-'

142 1765 230 1794 rum
257 1762 404 1806 genere
435 1747 579 1800 inclyti
608 1745 780 1800 vestigia
822 1743 978 1796 optime
1007 1738 1194 1794 persequi
1224 1737 1286 1777 ina

145 1835 305 1888 cepisti.
380 1832 530 1886 Pergas
573 1842 615 1871 tu
657 1831 733 1870 rite
785 1839 851 1868 tua
895 1824 1019 1866 studia
1057 1822 1282 1863 instituere:

147 1919 304 1972 critque
336 1915 518 1968 semper,
550 1912 662 1967 quod
689 1912 737 1953 de
767 1909 922 1966 paterni
950 1907 1126 1949 nominis
1170 1903 1283 1944 here-

146 2001 269 2043 ditate
297 2000 442 2042 merito
470 1997 656 2052 glorieris
675 1997 684 2040 Ξ,

204 2167 340 2217 Idem,
371 2178 490 2220 quem
508 2163 632 2206 modo
649 2161 892 2210 memoravi,
925 2157 1041 2200 Ordo
1056 2157 1160 2198 hanc
1189 2154 1284 2208 pro-v

148 2251 347 2307 posuerat
375 2250 654 2308 quaestionem
695 2245 963 2288 Botanicam:
991 2234 996 2240 ’
1023 2237 1287 2296 Institua'tur

1194 2320 1285 2363 bre-
