1519 2729
573 168 716 227 <-67
773 166 801 224 )

122 307 209 360 tia,
248 319 293 350 et
324 309 431 364 quafi
472 307 666 353 diluvium
705 305 902 352 maiorum
926 302 1023 361 (1).
1051 326 1098 342 -
1125 302 1245 350 Hane

122 389 256 420 autem
282 381 363 421 vim
381 392 422 421 et
447 382 641 435 privatam
669 392 710 421 et
733 378 941 434 publicam
966 391 1041 432 per
1067 376 1243 428 bellum,

126 448 304 501 aequans
341 435 449 503 Juris
489 450 574 492 esse
611 450 745 492 ubivis
773 449 948 492 ostendit
979 445 1073 503 (α).

123 567 125 569 ,
180 517 319 572 Magis
346 531 478 560 autem
504 531 616 573 patet
642 520 723 561 hoc
753 531 804 560 ex
831 520 904 568 iis,
934 530 1037 572 quae
1066 517 1116 559 de
1144 530 1246 572 poe·

119 597 172 628 na
197 587 298 629 dicit
322 588 584 631 Grotius.
615 607 650 616 —
679 586 745 630 Ex
773 589 854 646 hac!
872 588 1077 629 societatis
1105 580 1246 630 huma*-

119 669 194 698 nae
234 650 483 712 aequalitate
513 659 697 713 iniquum
734 659 807 713 ipfi
834 647 916 699 non
945 658 1104 700 videtur
1133 654 1246 712 (3),

119 737 165 768 ut
206 738 399 780 quantum
440 728 585 770 fecerit
625 728 748 778 mali,
800 727 1030 770 tantundem
1072 729 1247 782 patiatur

119 798 306 850 quisque.
338 821 380 834 -.
391 797 475 852 Jzts
503 799 610 840 enim
627 797 825 853 strictum
853 798 952 840 dicit
978 799 1090 852 quod
1116 797 1244 841 facul·

118 874 238 906 tatem
268 868 437 922 agendi,
469 871 507 909 in
539 868 627 910 solo
655 867 859 909 societatis
895 869 1080 923 respectu
1109 868 1243 910 invol-

118 936 179 976 vit
206 934 303 990 (4).
363 936 420 978 Et
443 938 499 978 ita
525 938 553 978 fi
582 939 706 978 vitam
732 937 849 979 aliter
878 940 1029 981 servare
1056 941 1145 994 quis
1159 951 1242 981 non

115 1015 287 1061 potest,
343 1007 381 1047 ei
421 1006 520 1048 licet
560 1009 600 1048 vi
650 1006 936 1061 qualicumque
977 1021 1114 1050 arcere
1149 1020 1243 1050 eum

114 1074 185 1127 qui
205 1085 293 1116 eam
307 1076 467 1128 impetit
484 1107 497 1126 ‚
528 1074 643 1131 quod
660 1076 824 1129 quidem
853 1089 927 1130 per
955 1077 994 1119 se
1023 1092 1070 1120 ac
1095 1079 1244 1132 prima-

111 1145 177 1184 r10
217 1146 396 1186 nascitur
421 1157 472 1186 ex
509 1157 589 1195 eo,
635 1145 747 1199 quod
771 1157 910 1188 natura
936 1144 1139 1204 quemque
1169 1147 1243 1192 fibi

113 1214 397 1264 commendatt,
425 1226 508 1254 non
541 1226 591 1255 ex
621 1215 810 1270 injustitia
833 1217 1000 1270 profluit
1013 1231 1081 1261 aut
1096 1232 1243 1273 pecca-

115 1292 159 1323 to
176 1282 337 1324 alterius
353 1313 366 1332 ,
397 1284 502 1324 unde
516 1285 745 1337 perieulum
772 1298 832 1326 est
856 1285 949 1341 (5).
982 1286 1092 1330 Hinc
1120 1290 1241 1331 etiam

114 1365 197 1394 rem
227 1353 395 1395 alienam
431 1351 541 1408 (6),
584 1366 635 1395 ex
661 1368 740 1408 qua
766 1367 919 1397 certum
949 1357 1050 1398 mihi
1078 1351 1262 1415 pericu-⁵

114 1421 197 1463 lum
225 1424 437 1474 imminet,
468 1424 569 1465 citra
599 1424 744 1478 culpae
771 1424 923 1467 alienae
952 1427 1239 1469 confideratio-

114 1504 204 1533 nem
231 1493 415 1533 invadere
437 1492 616 1546 possum.
648 1511 682 1518 -
712 1493 780 1535 Sic
808 1507 892 1536 rem
920 1509 1048 1539 meam
1065 1528 1078 1546 ‚
1115 1510 1235 1551 quam

113 1560 214 1602 alius
227 1561 403 1612 detinet,
431 1563 585 1616 eripere
614 1564 678 1612 ei,
709 1565 939 1607 naturaliter
954 1568 1051 1608 mihi
1062 1566 1134 1622 Jus
1149 1578 1232 1616 est,

114 1642 156 1671 et
183 1631 267 1672 fiid
279 1631 503 1682 difficilius,
533 1632 642 1673 aliud
657 1634 780 1687 quid,
803 1635 1034 1677 tantundem
1064 1637 1225 1677 valens:

115 1711 161 1741 ut
188 1711 228 1740 et
243 1701 368 1741 debiti
399 1702 671 1755 consequendi
700 1705 855 1757 gratia;
893 1705 1039 1758 quibus
1070 1719 1120 1746 ex
1135 1719 1229 1747 cau-

119 1769 168 1811 fis
199 1770 420 1813 dominium
450 1783 616 1825 quoque
645 1772 850 1827 sequitur,
881 1775 974 1828 quia
1000 1774 1081 1816 alio
1107 1775 1233 1816 modo

1165 1856 1232 1885 ae-

161 1917 227 1964 (1)
253 1918 329 1954 Lib.
353 1918 380 1953 I.
404 1929 434 1955 c.
457 1931 489 1954 2.
513 1897 587 1964 5⁶7.
611 1923 657 1956 N.
680 1925 712 1959 6.
1096 1932 1098 1935 ·
1154 1971 1157 1974 ¹
1179 1966 1182 1968 ,

163 1975 228 2021 (2)
255 1976 329 2010 L1b.
355 1977 382 2010 I.
405 1987 437 2010 c.
464 1988 492 2011 1.
518 1979 535 2022 §
562 1988 593 2021 3.
617 1979 663 2013 Ν.
689 1990 720 2015 1.
749 1980 825 2016 Lib.
849 1982 911 2017 111.
934 1990 965 2018 e.
991 1991 1021 2018 ι.
1044 1981 1063 2027 §
1087 1983 1121 2026 3.
1146 1980 1233 2024 alibi,

161 2029 227 2076 (3)
252 2033 327 2066 Lib.
352 2033 378 2066 1.
400 2043 428 2067 c.
457 2045 490 2068 2.
513 2036 531 2079 §
555 2044 588 2078 5.
611 2036 657 2070 N.
680 2045 714 2078 3.

159 2087 226 2133 (4)
252 2089 327 2123 Lib.
352 2090 411 2124 111.
435 2099 466 2124 e.
494 2102 522 2126 1.
545 2093 562 2135 §
588 2104 622 2126 2.
644 2091 691 2125 N.
717 2102 746 2129 1.

163 2145 229 2190 (5)
254 2145 330 2179 Lib.
355 2146 399 2180 11.
423 2156 452 2179 c.
483 2157 511 2181 1.
536 2149 554 2191 §
579 2157 612 2190 3.

161 2199 228 2247 ,(6)
253 2201 329 2237 Lib.
353 2203 413 2238 ΙΙΙ.
437 2212 468 2238 c.
496 2213 526 2238 1.
549 2205 567 2248 §
592 2216 624 2239 2.
648 2205 694 2240 N.
716 2217 749 2240 2.
