1519 2729
581 147 853 239 v(32)

200 305 293 338 tum
336 292 572 349 diligentia,
617 305 668 333 eo
711 292 883 345 denique
928 289 1099 332 insaniae
1142 291 1332 345 perduxit

198 373 402 431 judaeos,
446 387 519 428 ut,
564 376 632 417 etfi
663 375 844 416 universe
875 374 1056 416 moribus
1086 373 1217 414 essent
1249 385 1331 415 tur-

139 485 142 491 ·
199 459 401 512 pisfimis,
432 470 472 499 et
503 471 635 499 coeco
665 459 820 512 impetu
863 459 904 498 in
948 468 1186 506 externum,
1214 469 1332 509 Aquaw,

198 540 282 582 lem
326 542 397 582 fibi
441 541 676 591 finxissent,
725 540 881 582 cultum
926 539 1258 593 impellerentur,
1289 537 1330 578 se

196 623 404 679 legitimos
447 609 636 677 Deoque
668 624 787 668 unice
832 635 949 666 caros
991 622 1085 663 esse
1105 621 1330 662 Abraham-i

196 705 305 748 filios
331 707 552 761 jactarent,
597 718 719 760 atque
764 708 839 747 ista
873 706 1002 746 inanis
1035 704 1143 745 tituli
1173 703 1330 759 glorio·

193 787 256 838 la,
287 788 490 844 dumjam
517 789 775 843 impendebat
803 789 954 842 patriae
996 788 1210 836 interitus,
1257 786 1330 828 fibi

194 872 454 913 vehementer
483 872 773 916 blandirentur.
805 895 853 904 --

196 954 323 1001 ;<-In-
358 955 572 999 horrenda,
609 956 684 995 ista
740 955 966 994 teterrimae
1038 952 1328 1006 superstitionis

193 1048 350 1087 nocte‚·
404 1049 505 1091 quae
562 1039 781 1090 postremis
833 1036 1025 1090 Judaicae
1077 1034 1329 1090 reipublicae

195 1112 449 1173 temporibus
477 1119 623 1164 crassas
652 1120 812 1172 penitus
842 1118 1066 1159 obduxerat
1109 1115 1329 1170 turpitudi-
1388 1120 1392 1124 “

192 1202 255 1241 nis
298 1203 512 1250 tenebras,
558 1214 754 1254 quaenam
794 1200 956 1240 insolita
995 1211 1116 1252 atque
1159 1211 1330 1257 amoena

188 1282 261 1329 lux
291 1284 425 1325 subito
455 1283 492 1324 se
524 1284 623 1323 meis
654 1283 800 1337 objicit
829 1280 987 1325 oculis!
1031 1281 1225 1334 Aliquem
1266 1283 1328 1327 νᾶ,

191 1366 270 1414 deo
297 1368 401 1407 inter
427 1366 602 1420 Judaeos
630 1376 797 1415 natum,
841 1377 1015 1418 eumque
1059 1375 1100 1405 et
1139 1364 1329 1412 Abraha-

188 1462 259 1490 mo
276 1481 289 1500 ,
319 1460 359 1489 et
381 1448 532 1498 Mose,
565 1460 605 1489 et
633 1448 720 1492 aliis
737 1478 750 1498 .,
783 1458 989 1501 quotquot
1015 1460 1206 1501 umquam
1230 1461 1326 1501 pro-

133 1521 135 1524 Α
188 1533 275 1585 pria
315 1531 381 1574 sua
424 1531 604 1573 claritate
639 1530 815 1572 illustres
859 1530 944 1572 esse
984 1531 1202 1574 meruerint
1241 1529 1329 1571 He·-

189 1614 328 1663 braei,
382 1613 512 1655 multo
547 1613 917 1667 praestabiliorem:
976 1615 1076 1667 qui,
1125 1614 1150 1657 fi
1205 1605 1351 1667 quam-

187 1698 310 1747 nobis
350 1697 631 1738 adumbremus
673 1698 890 1751 imaginem
923 1697 998 1738 viri
1036 1695 1323 1741 excellentissi-

189 1793 258 1820 mo
308 1791 348 1820 et
397 1793 419 1820 a
475 1792 729 1833 quacumque
786 1779 1099 1832 imperfectione
1152 1779 1325 1821 humana

188 1874 351 1903 exemto
400 1862 567 1902 honoris
609 1862 739 1902 studio
781 1861 923 1912 ducti,
968 1862 1070 1905 hanc
1120 1874 1204 1905 non
1252 1874 1323 1906 ex—

188 1945 330 1998 pressit
374 1956 553 1993 tantum,
604 1945 731 1985 immo
777 1957 874 1986 vcro
920 1944 1043 2000 longe
1096 1944 1322 2001 superavit-l

191 2027 249 2069 At
293 2039 411 2080 quam
442 2026 616 2076 vellem,
659 2027 712 2067 A.
758 2026 810 2068 A.
842 2039 886 2069 ut
917 2039 957 2068 et
987 2040 1060 2080 per
1090 2038 1250 2080 tempus
1280 2038 1322 2067 et

190 2121 263 2163 per
306 2110 411 2149 vires
455 2108 622 2159 liceret,
669 2122 792 2158 eum,
837 2110 952 2163 cujus
982 2110 1147 2149 nomine
1177 2109 1320 2162 appel-

189 2191 264 2233 lari
313 2191 434 2236 nobis
486 2191 620 2234 datum
675 2203 735 2235 est
779 2191 1051 2242 Christianis,
1099 2194 1154 2237 ita
1200 2192 1319 2237 vobis

1249 2274 1317 2320 dc«
