1519 2729
718 160 937 216 (16)

268 311 309 340 et
336 299 401 341 sua
429 311 611 353 quaeque
638 299 1052 353 praestiteruntofficia
1069 329 1081 348 ,
1113 297 1390 346 marcescunt,

264 371 374 422 ¹quasi
412 369 696 420 luctuosaede
731 370 860 422 prolis
900 371 1123 410 amissione.
1197 367 1392 409 Videmus

268 440 325 479 ita
355 441 564 480 omniain
606 451 737 494 regno
765 441 996 494 vegetabili
1022 453 1073 480 eo
1115 438 1307 486 tendere,
1349 449 1392 478 ut

268 521 535 563 procreetur,
568 508 744 550 servetur
782 520 822 549 et
851 511 1056 550 emittetur
1087 508 1249 558 semen,
1291 519 1342 548 ne
1366 519 1391 552 ,e
1422 532 1431 535 -

268 593 401 621 rerum
417 592 555 620 natura
571 567 804 627 excideret,
831 578 896 618 vel
912 592 1037 632 genus
1064 577 1297 632 quoddam,
1329 575 1393 618 vel

268 648 425 702 species
453 648 600 700 aliqua.
660 647 772 689 Haec
808 660 904 688 vero
934 662 1030 689 cura
1072 659 1178 688 tanta
1221 659 1300 688 tam
1336 647 1394 687 sc-

269 718 367 759 dulo
393 718 573 758 adhibita
599 729 685 767 est,
715 720 808 771 quia
834 731 995 774 magnas
1021 717 1189 771 praestat
1220 717 1394 757 animan-

272 789 378 829 tibus
404 787 597 828 utilitates
624 799 791 842 regnum
822 787 1066 844 vegetabile.

329 857 422 898 Illas
445 857 666 912 plantarum
695 858 934 899 arborumve
963 870 1125 911 partes,
1155 858 1304 919 quibus
1331 856 1395 896 vel

273 927 414 982 pollen
444 939 544 969 caet.
576 927 641 968 vel
668 928 875 970 machinae
901 928 950 969 ad
977 909 1270 981 procreaudum
1298 940 1396 968 con-

273 1000 478 1047 tinentur,
511 997 693 1052 (veluti,
725 997 913 1047 stamina,
945 998 1091 1052 pistilla
1115 995 1228 1050 etc.)
1241 996 1397 1051 semper

275 1067 374 1107 tales
415 1068 600 1108 obtinere
643 1066 761 1108 locos
802 1067 1009 1116 videmus,
1055 1069 1203 1122 quibus
1243 1068 1398 1120 optime

273 1136 442 1190 possunt
469 1136 723 1185 conservari,
754 1137 819 1177 vel
849 1139 1029 1191 germina
1050 1138 1100 1178 ad
1130 1138 1404 1196 maturitatem

271 1207 458 1262 perduci.
503 1207 610 1247 Ante
629 1218 794 1261 *tempus
809 1208 858 1248 ad
875 1208 1218 1250 maturescentium
1247 1219 1401 1261 oppor-

276 1288 414 1318 tunum
432 1299 458 1321 ,-
477 1280 516 1318 in
533 1277 716 1330 pluribus
735 1277 975 1319 abscondito
992 1309 1005 1328 ‚
1027 1289 1172 1332 postea
1185 1290 1283 1319 vero
1296 1278 1402 1330 apri·

269 1359 330 1388 0c0
360 1346 480 1397 loco,
510 1348 738 1390 collocatae
755 1348 1136 1402 deprehenduntur3
1169 1337 1402 1390 *tuncmim

269 1427 414 1457 ..earum
455 1417 671 1472 frangitur
694 1419 932 1472 periantium
950 1448 963 1466 ‚
1014 1419 1098 1458 eius
1127 1416 1265 1470 petala
1292 1416 1403 1456 exse—

279 1499 419 1527 runtur
438 1516 451 1536 ,
483 1500 567 1540 quo
596 1487 740 1528 melius
767 1488 863 1529 solis
896 1487 1071 1528 calorem
1095 1488 1278 1540 recipcre
1307 1498 1403 1538 pos-

281 1556 379 1597 sent.
411 1578 453 1587 -
496 1554 708 1598 Ne··2vero
752 1569 999 1598 nocturnum
1042 1556 1183 1611 >frigus
1229 1555 1409 1597 laederet·

281 1629 488 1681 germina,
519 1629 752 1680 vespertino
781 1639 965 1680 tempore
992 1614 1259 1676 clauduntur,
1294 1637 1406 1679 vquae

281 1697 363 1738 sese
391 1710 505 1738 mane
533 1699 717 1750 aperiunt
759 1695 905 1750 petala.
942 1696 1107 1737 Plantae
1135 1695 1407 1751 leguminofae

283 1779 415 1822 partes
444 1767 772 1809 fructificationis
799 1768 903 1807 intus
933 1765 1168 1815 occultant,
1211 1776 1251 1806 et
1278 1765 1406 1813 folia,

270 1840 431 1891 quibus
461 1849 648 1885 tuentur,
683 1839 736 1877 ita
766 1837 805 1877 se
832 1848 1021 1886 vertunt,
1067 1848 1110 1877 ut
1138 1848 1203 1876 eas
1228 1849 1250 1877 a
1286 1847 1410 1875 vento

284 1921 326 1950 et
353 1908 504 1963 frigore
529 1907 652 1947 salvas
681 1907 860 1948 reddant.
887 1929 889 1931 ·
921 1906 966 1947 In
990 1906 1408 1960 'papaveribus-caet.

285 1978 440 2027 caulis,
484 1977 620 2018 tuendi
650 1977 794 2025 causa,
837 1977 1021 2018 deorsum
1050 1976 1250 2021 flectitur
1282 1976 1411 2028 prius-

286 2059 404 2099 quam
447 2047 681 2096 efflorescit,
723 2058 804 2088 tum
836 2060 933 2089 vero
960 2049 998 2088 in
1030 2047 1154 2100 altum
1183 2044 1337 2096 tendit,
1369 2057 1413 2085 ut

263 2170 268 2174 ᾗ
290 2116 411 2157 florae
440 2129 570 2169 partes
597 2121 892 2170 procreatrices
932 2128 973 2159 et
1003 2101 1157 2159 semina
1184 2116 1327 2159 deinde
1352 2115 1414 2158 so-

286 2185 336 2227 lis
364 2185 490 2228 calori
519 2199 782 2241 exponantur.

1276 2255 1421 2312 Quam
