1519 2729
551 164 774 224 (87)

107 344 110 345 ν
154 319 232 361 Sed
259 318 323 360 vel
352 319 404 361 fic
432 330 561 360 tamen
591 318 764 371 perfecti
791 315 899 357 illius
922 314 1022 371 juris
1064 313 1223 356 fontem

97 381 267 431 maxime
309 389 502 429 invenisse
545 388 616 429 fibi
645 387 804 429 videtur
845 384 1225 427 Pufendorfi-

95 472 183 509 υς,
215 462 253 499 in
287 460 626 500 conventionibus
664 457 729 498 vel
771 456 1076 503 contractibus,
1122 466 1227 507 quos

96 530 160 570 vel
199 529 410 582 expresse,
453 529 516 569 vel
548 530 668 569 tacite
697 528 898 567 iniverunt
944 524 1085 578 singuli
1126 523 1228 564 socii

98 613 190 641 cum
237 600 458 648 societate,
502 610 546 639 ut
602 596 896 638 interfflsocios
950 596 1227 650 recipiantur,

98 668 372 709 submittendo
403 669 441 709 sc
471 668 653 723 legibUS‚
692 681 754 708 ex⁴
781 666 901 719 ipfius
939 665 1142 705 societatis
1170 664 1238 703 in-'

99 738 194 778 dole
216 738 440 790 profectis,
486 739 551 779 vel
583 751 686 790 quos
712 739 800 777 iniit
827 736 911 789 ipsa
937 736 1107 775 societas
1136 745 1232 774 cum

97 808 261 862 fingulis
312 808 459 856 sociis,
518 821 562 848 ut
610 820 680 847 eos
735 807 806 847 fibi
865 806 1042 846 membra
1089 803 1232 843 debito

99 876 252 918 auxilio
281 877 503 930 adjuvanda
543 878 762 932 adjungat,
808 876 872 917 vel
914 876 1086 927 denique
1127 883 1233 926 quos

99 946 240 1000 finguli
287 946 412 994 socii,
458 948 561 986 inter
603 949 640 988 se
695 949 834 987 ineunt
888 946 937 986 de
967 945 1113 994 rebus,
1156 939 1234 982 svel

99 1016 257 1057 actibus
290 1015 362 1055 fibi
393 1016 569 1056 invicem
599 1015 841 1069 praestandis
866 1011 961 1067 (1).

157 1085 278 1126 Fides
315 1087 423 1125 enim
464 1087 505 1125 in
548 1085 826 1126 contractibus
869 1084 984 1124 hisce
1023 1080 1234 1130 servanda,

98 1157 322 1203 necessario
364 1156 540 1207 sequitur
581 1169 631 1196 ex
660 1143 758 1208 *ipsa
797 1153 1095 1202 sociabilitate,
1145 1163 1234 1193 eam

99 1229 203 1267 enim
232 1239 320 1279 pro-
336 1226 504 1266 arbitrio
532 1225 765 1280 negligendi
793 1224 992 1272 facultas,
1036 1235 1119 1264 non
1150 1233 1234 1262 tan-

107 1307 192 1337 tum
219 1298 269 1346 τῷ
300 1295 383 1338 esse
413 1295 590 1337 civitatis
617 1296 908 1350 qualiscunque
938 1293 1235 1340 adversaretur,

1168 1360 1238 1402 sed

104 1489 135 1514 ta
160 1481 362 1514 humanitatis
392 1481 423 1515 in
447 1482 479 1516 se
502 1482 623 1517 laxiora
646 1491 684 1514 ac
705 1480 948 1524 quodammodo
989 1482 1116 1514 incerta
1145 1477 1263 1526 sunt..

106 1548 293 1581 eorumque
327 1539 562 1573 observmitiam
587 1541 653 1572 vita
680 1540 786 1573 civilis
808 1539 955 1582 praecise
983 1548 1047 1571 non
1075 1533 1243 1577 requirit,

103 1596 183 1628 hinc
208 1605 323 1629 eorum
353 1597 529 1630 exsecutio
558 1597 704 1639 cujusvis
719 1597 937 1630 conscientiae
953 1590 1182 1636 relinquitur.''
1196 1603 1243 1615 -·

108 1652 136 1684 B
153 1661 169 1683 a
185 1652 234 1684 rb
252 1662 269 1684 e
285 1662 307 1694 y
322 1662 368 1684 ra
383 1662 424 1693 c,
447 1654 494 1686 acl
517 1652 652 1696 Puftml.
668 1653 703 1690 J.
726 1655 771 1688 Ν.
798 1654 832 1687 e't
851 1655 891 1687 G.
920 1651 997 1685 Lib.
1026 1651 1055 1689 I..
1079 1658 1111 1681 C·
1128 1658 1161 1691 7·
1177 1647 1242 1689 §7-

110 1709 158 1741 N.
191 1718 224 1749 5.
261 1709 335 1741 alias
370 1709 458 1742 addit
482 1711 623 1743 rationes
644 1721 744 1754 quare
766 1721 831 1743 nou
861 1709 952 1751 exigi
983 1704 1105 1749 possint
1136 1702 1245 1736 Officia

108 1763 304 1806 imperfecta
319 1789 330 1805 ‚
353 1790 376 1808 „
400 1776 465 1799 non
486 1767 571 1799 enim
588 1766 620 1806 ‚⁵⁹
644 1769 749 1811 iuquit
765 1794 775 1809 ‚
799 1793 822 1811 ‚‚
845 1766 902 1808 qui
934 1772 1070 1798 coactus
1090 1761 1147 1794 seu
1171 1769 1244 1792 me-

109 1829 143 1852 tu
185 1829 310 1862 poenae
339 1830 375 1853 ea
419 1822 638 1865 implevisset,
674 1834 717 1857 eo
746 1824 877 1857 virtutis
914 1819 1086 1865 splendore
1124 1827 1247 1851 cerne-

108 1885 229 1917 retur,
269 1888 363 1924 quam
402 1878 423 1912 fi
458 1879 510 1912 sua
546 1881 659 1923 sponte
687 1881 780 1915 hisce
804 1879 919 1914 fuisset
940 1877 1164 1922 perfunctus3
1200 1893 1240 1903 -

107 1943 172 1966 nec
199 1934 228 1965 in
254 1934 389 1968 arbitrio
413 1937 546 1969 alterius
583 1939 653 1970 ullo
682 1937 783 1971 inodo
802 1930 923 1979 'potest
946 1934 1065 1968 cadere
1081 1959 1092 1974 ‚
1130 1940 1244 1975 quate-

109 2001 168 2023 nus
209 1992 302 2024 alteri
334 1993 552 2032 succurrere,
588 2004 650 2035 per
686 2004 740 2028 res
765 2003 800 2028 et
831 2001 979 2036 tempora
1015 1988 1179 2024 licuerit.'’
1209 2003 1244 2014 -

111 2043 176 2080 Se'd
201 2057 283 2089 quae
301 2046 364 2080 huc
390 2048 463 2080 scre
494 2048 660 2094 redeunt,
701 2050 797 2086 tradit
819 2049 886 2094 ipse
917 2050 941 2083 P
956 2059 976 2082 u
993 2047 1077 2082 fen
1091 2045 1122 2082 d.
1141 2044 1177 2083 J·
1199 2043 1245 2080 A:

109 2111 142 2138 et
165 2106 204 2138 G.
225 2104 298 2138 Lib.
318 2105 376 2139 HI.
402 2115 431 2138 c.
465 2115 498 2148 3.
520 2105 537 2148 §
565 2116 613 2150 u7.

155 2158 219 2203 (4)
245 2160 320 2193 Lib.
350 2162 375 2194 1.
401 2170 431 2195 c.
455 2172 488 2207 7.
513 2164 531 2206 §
559 2173 592 2207 7.

160 2215 222 2261 (ι)
249 2218 269 2251 l.
300 2218 322 2252 1.
346 2219 362 2262 §
388 2227 421 2260 9.
