1519 2729
735 169 962 230 026)

282 319 352 353 ne·
376 311 503 354 ‘adest
555 306 656 353 aeris
698 312 898 364 quantitas
952 312 1046 354 satis
1082 323 1253 368 magna,
1296 323 1399 368 quae

281 378 530 424 anhelationi
573 395 739 429 eorum,
782 384 851 435 qui
881 382 950 424 sub
989 382 1063 423 hac
1092 395 1284 436 campana
1310 393 1399 424 ιῃο·ί

281 459 446 503 rantur,
489 451 676 494 inservire
718 465 866 506 queat,
911 464 951 493 et
984 452 1094 493 fimul
1138 465 1264 505 aquae
1308 454 1399 494 refi-

282 521 370 563 ssat.
457 521 549 563 Tali
603 534 818 576 campanae
860 523 909 564 fi:
943 523 1032 576 quis
1087 521 1263 576 vesicam
1312 521 1399 562 infi-

280 600 380 651 gere
418 593 582 644 posset,
608 602 611 604 “
640 605 742 645 qua,
795 592 1045 633 admittendo
1087 603 1128 632 et
1178 591 1401 633 emittendo

281 663 442 711 aerem,
486 661 695 703 extenfitas
735 673 776 702 et
820 664 992 715 gravitas
1016 674 1093 714 pro
1120 661 1252 702 lubitu
1278 674 1401 716 auge-

283 741 392 770 retur
417 729 482 771 vel
523 730 838 779 diminueretur,
870 744 997 781 mox,
1038 731 1159 784 piscis
1185 730 1329 779 instar,
1360 732 1402 771 in

282 798 594 839 altum-tendere
620 812 668 840 ac
706 799 945 842 descendere
973 800 1165 854 possent,
1205 802 1274 853 qui
1305 799 1400 841 huic

284 880 500 923 campanae
541 869 720 910 infident.
762 884 807 894 ⁴-
850 870 1095 912 Huiusmodi
1127 871 1232 911 enim
1277 869 1401 909 artifi-

283 940 352 980 cio
389 953 490 993 opus
518 951 578 980 est
609 939 817 992 piscibus,
869 955 952 995 quo
982 953 1124 994 aquam
1155 951 1402 993 quaquaver-

281 1008 366 1050 sum
409 1021 631 1062 permeent.
718 1010 915 1056 ⁴Videmus
943 1012 1095 1064 igitur,
1126 1009 1314 1050 elementi
1339 1021 1401 1049 ra-

283 1079 432 1120 tionem
465 1078 647 1120 habuisse
675 1080 827 1120 ordinis
853 1091 1076 1121 auctorem.

337 1148 497 1189 Avium
526 1149 752 1202 rapacium
776 1149 946 1190 rostrum
977 1149 1299 1203 contemplantes
1339 1149 1402 1189 vi-

281 1219 419 1259 demus
436 1217 582 1266 ‚.i11ud
604 1218 653 1258 ad
675 1231 817 1260 eorum
843 1221 949 1260 vitae
976 1230 1102 1274 genus
1133 1221 1287 1273 opti-me
1315 1218 1401 1260 esse

278 1288 645 1330 accommodatum.
706 1286 773 1330 Ex
799 1301 934 1330 earum
965 1279 1052 1330 tota'
1075 1289 1298 1338 structura,
1324 1300 1402 1329 no·

278 1360 459 1399 minatim
487 1372 537 1399 cx
575 1357 784 1398 stomacho
820 1358 989 1412 aliisque
1019 1359 1175 1400 vafibus
1201 1358 1400 1408 internis,

276 1428 397 1470 facile
446 1428 705 1482 colligimus,
751 1439 844 1475 erm,
889 1440 972 1468 non
1018 1428 1237 1469 seminibus
1277 1426 1400 1468 eden-

276 1499 365 1548 dis,
407 1498 474 1539 sed
501 1497 589 1539 aliis
615 1497 773 1550 praedis
808 1497 1068 1547 devorandis,
1109 1498 1194 1538 esse
1232 1497 1400 1538 destina·

275 1580 360 1609 tas:
393 1581 486 1609 cum
515 1579 657 1609 contra
686 1566 833 1607 multae
861 1580 981 1615 aves,
1013 1569 1083 1609 nisi
1112 1567 1260 1608 semina
1285 1567 1400 1608 ades·

273 1640 389 1686 sent,
422 1640 532 1679 omni
556 1638 750 1678 alimento
779 1637 914 1679 forent
930 1638 1165 1686 destitutae,
1194 1638 1290 1690 quia
1313 1638 1398 1677 ani-

272 1708 445 1749 malcula
472 1708 663 1749 devorare
689 1719 729 1747 et
746 1707 981 1748 consumere
1009 1708 1083 1756 iis,
1109 1718 1280 1761 propter
1303 1708 1397 1748 c'or·

270 1780 384 1831 poris
413 1778 630 1826 fabricam,
658 1790 741 1818 non
770 1777 883 1818 licet.
914 1804 959 1812 —
992 1776 1170 1818 Eaedem
1197 1776 1397 1817 illaeaves

268 1861 433 1902 rapaces
450 1880 462 1897 ‚
494 1861 567 1902 per
591 1852 722 1890 aerem
740 1848 951 1889 sublimem
967 1847 1175 1896 volantes,
1207 1847 1394 1900 praedam

267 1931 320 1961 ex
353 1919 581 1975 longinquo
615 1920 776 1961 videant
813 1918 974 1959 necesse
1013 1929 1101 1968 estr,
1145 1917 1256 1959 fimul
1294 1929 1395 1957 vero

267 1993 385 2032 etiam
405 2022 416 2040 ‚
455 2003 625 2045 propter
661 1991 775 2044 spatii
811 1990 1070 2043 exiguitatem
1096 1987 1261 2028 oculum
1290 1988 1393 2028 inter

266 2071 307 2099 et
332 2061 522 2112 rostrum,
569 2074 617 2102 cx
645 2063 881 2115 propinquo
908 2058 1043 2098 v'idcre
1071 2059 1232 2111 debent.
1277 2055 1393 2096 Utri-

267 2139 346 2183 que
389 2132 616 2172 *necesfitati
661 2141 801 2171 natura
843 2129 1049 2170 succurrit.
1105 2147 1151 2157 —
1210 2126 1392 2167 Praeter-

266 2214 311 2242 ea
351 2212 391 2244 et
432 2202 472 2242 in
508 2202 638 2242 avium
679 2200 962 2242 nonnullarum
1001 2198 1211 2252 unguibus
1245 2208 1286 2238 et
1324 2210 1391 2237 ro-
1450 2229 1457 2241 ,

1296 2265 1386 2307 stris
