1519 2729
544 169 766 253 (77)

91 348 186 386 vet,
215 346 256 377 et
280 335 422 390 eligit,
455 334 567 388 quod
596 335 667 377 fibi
697 336 869 375 maxime
893 333 1068 384 arridet,
1097 337 1212 376 ‘aver—

92 408 223 456 fatur,
251 406 364 459 quod
388 406 458 447 fibi
485 417 568 445 non
595 407 813 444 convenire
843 402 1111 458 videtu1·(1).
1144 404 1214 446 Ex

91 475 303 517 intellectu
333 488 373 515 et
401 474 608 516 voluntate
637 474 804 527 profluit
843 475 1059 526 imputatio
1099 471 1212 528 (2),

90 559 142 589 ex
172 548 220 586 iis
250 547 357 586 enim
395 545 587 585 humanae
612 544 793 587 actiones
821 545 1090 597 proveniunt,
1121 556 1215 597 per-

90 628 171 669 que
214 627 287 655 eos
326 614 553 669 diriguntur
580 611 675 668 (3).
753 612 840 667 Jam
879 614 1124 666 imputatio,
1169 625 1216 654 ut

88 686 194 740 juste
208 685 431 739 procedat,
463 697 644 725 normam
671 685 819 739 exigit,
848 683 1062 726 secundum
1089 695 1214 736 quam

90 767 208 809 agere
252 767 467 804 tenentum
513 765 671 807 quaque
713 746 883 808 obligati
936 754 1024 794 sunt
1080 753 1215 794 homi-.

55 848 61 854 ·
88 836 173 866 nes.
233 825 418 878 Gapaces
443 834 576 863 autem
604 823 692 867 sunt
721 823 985 878 obligationis

152 893 218 935 1⁰.
248 893 361 948 Quia
390 892 640 933 voluntatem
662 892 832 934 habent.

146 963 216 1005 2⁰.
248 962 358 1018 Quia
385 963 582 1002 immunes
607 962 810 1008 non-sunt
847 975 870 1002 a
907 974 1111 1017 potestate
1149 965 1213 1006 su-

88 1034 261 1087 perions
294 1030 400 1087 (4).v
660 1072 662 1074 ,
1008 1029 1009 1035 ’
1128 1044 1131 1048 ·

146 1102 179 1144 Ι.
210 1101 535 1158 Cognoscendus
554 1103 688 1154 itaque
717 1101 891 1143 summus
933 1101 1003 1149 ille
1046 1101 1210 1159 legisla-

76 1180 155 1213 'tor
187 1169 280 1226 (5).
313 1193 356 1201 —
387 1171 659 1226 Intelligitur‚
686 1171 810 1213 alium
840 1172 924 1213 esse
953 1185 1036 1213 non
1064 1175 1215 1226 posse2·

88 1242 159 1282 nifi
198 1244 264 1283 cui
308 1254 348 1283 ct
386 1243 491 1281 vires
518 1242 633 1291 sunt,
679 1240 828 1282 malum
861 1241 1031 1295 aliquod
1053 1240 1214 1296 reprae-

89 1311 269 1352 sentandi
284 1311 672 1360 contranitentibus,
704 1322 744 1351 et
770 1311 905 1352 causas
931 1312 1083 1365 justas,
1115 1326 1214 1366 qua*

87 1393 132 1421 re
161 1380 367 1435 postulare
396 1392 545 1434 queat,
590 1393 641 1422 ex
669 1379 742 1421 suo
763 1382 948 1422 arbitrio
990 1382 1211 1424 voluntatis

89 1463 248 1492 nostrae
283 1450 510 1495 libertatem
553 1451 831 1492 circumscribi
877 1449 971 1504 (6).
1003 1471 1049 1483 -
1078 1451 1214 1508 Leges

90 1523 145 1562 ita
181 1520 379 1562 naturales
417 1519 587 1561 eundem
627 1520 775 1569 habere
809 1535 1046 1573 auctorem,
1091 1535 1212 1577 quem

90 1590 316 1632 universum
344 1591 494 1640 habet,
527 1589 584 1631 D.
614 1590 668 1632 Ο.
695 1592 761 1633 Μ.
789 1592 943 1634 constat
970 1606 1022 1634 ex
1060 1593 1213 1634 lumine

91 1661 272 1700 rationis.
335 1679 339 1687 =

150 1727 203 1769 ΙΙ.
235 1728 315 1770 Sed
340 1740 380 1769 et
407 1731 691 1784 cognoscenda
720 1743 780 1772 est
804 1731 899 1772 lex:
929 1732 1040 1786 quod
1066 1732 1110 1773 fit
1139 1743 1213 1785 per

91 1799 258 1840 rationis
284 1799 438 1841 homini
479 1802 681 1855 ingenitae
710 1801 873 1855 lumen,
918 1813 959 1843 ct
1000 1815 1050 1844 ex
1081 1802 1210 1844 confi·

709 1923 713 1926 ,
1147 1873 1214 1916 de·

135 1945 199 1992 (1)
221 1947 275 1981 De
298 1948 360 1991 Off.
379 1948 424 1983 II.
449 1958 483 1984 et
509 1950 544 1984 C.
572 1949 600 1986 Ι.
623 1959 654 1984 c.
686 1959 716 1985 1.
741 1950 759 1994 §
787 1959 822 1992 9.
864 1972 867 1975 Δ

134 2002 198 2049 (2)
223 2003 306 2039 lbid.
330 2006 348 2049 §
377 2015 428 2048 17.

133 2059 198 2107 (3)
222 2061 306 2095 ibid.
328 2063 346 2106 §
370 2072 404 2096 2.

133 2116 200 2162 (4)
225 2118 300 2152 Lib.
324 2119 353 2152 l.
377 2127 408 2153 e.
431 2130 462 2153 2.
486 2119 504 2163 §
527 2128 561 2161 4.

132 2173 198 2219 (5)
221 2174 305 2210 lbid.
329 2176 348 2220 ς
371 2176 406 2210 6.

137 2230 202 2279 (6)
227 2231 312 2268 naid.
335 2234 353 2278 s
378 2240 411 2275 5.

137 2361 154 2374 Q
