1519 2729
567 122 787 177 (29)

118 263 172 302 ob
216 261 369 302 causam
411 258 625 300 secundum
669 259 861 314 figuram,
903 260 1152 306 durationem
1189 279 1230 308 et

115 342 276 370 omnem
302 329 522 382 plantarum
547 340 726 370 naturam
759 331 811 383 65
849 330 1057 382 systemata
1098 347 1232 376 revera

113 401 333 442 artificialia
372 400 580 449 confecit,
622 412 705 451 quo
746 399 858 440 facto
896 400 1079 453 plantas,
1127 417 1228 457 quae

111 472 152 511 in
204 482 449 524 unoquoque
499 470 709 522 systemate
750 470 965 522 plurimum
1007 474 1047 512 in
1088 475 1227 516 eadem

111 539 261 581 famili-a
303 528 642 593 reperiebantur,v
676 542 938 595 congregavit
967 554 1098 596 eoque
1141 557 1227 586 mo·

111 609 164 650 do
208 609 375 666 familias
419 611 676 663 composuit,
729 623 780 650 ex
834 610 1006 663 quibus,
1057 615 1157 653 ortis
1201 627 1227 654 e.

110 692 307 734 generum
343 681 658 735 conjunctione,
724 680 905 720 condidit
957 683 1224 734 methodum,

110 762 212 802 quae
264 751 336 804 ipsi
384 752 564 791 omnium
593 751 781 791 -maxime
827 750 1016 792 naturalis
1063 752 1224 794 videba-

111 831 174 861 tur
205 817 299 873 (1).

166 890 222 930 At
264 902 361 930 vero
401 889 686 930 celeberrimus
728 889 844 942 hujus
874 890 1053 930 methodi
1078 904 1221 933 auctor

108 960 260 1011 strepius
282 959 425 998 errasse
450 970 489 998 et
518 971 646 998 errare
673 958 854 997 debuisse
889 961 1008 1000 nobis
1036 962 1221 1011 videtur,

107 1040 189 1067 non
218 1017 468 1080 solum'quia
493 1040 630 1067 omnes
659 1028 945 1082 vegetabilium
971 1029 1220 1072 characteres

105 1110 186 1138 non
238 1098 414 1151 ejusdem
451 1097 539 1137 sunt
581 1099 727 1151 pretii,
773 1098 838 1138 sed
875 1100 994 1139 ctiam
1028 1104 1218 1153 quoniam

82 1179 244 1211 ‚omnes
271 1167 494 1219 plantarum
518 1170 786 1223 proprietates
824 1169 1000 1211 nondum
1041 1184 1215 1227 cognos-

105 1238 232 1279 cimus
259 1235 355 1291 (2).

568 1376 592 1428 ἕ
622 1375 759 1418 XXII.

160 1516 333 1558 Ordines
361 1516 610 1570 plantarum,
643 1518 684 1556 in
712 1515 902 1560 Adans
908 1520 1025 1560 onii
1054 1519 1213 1561 metho-

103 1587 156 1628 do
186 1588 397 1642 congesti,
430 1588 516 1629 sunt
541 1588 639 1627 hae:

129 1682 157 1706 ι.
181 1673 281 1714 Β)’>ίῑ.
738 1684 771 1718 5.
795 1676 926 1711 Filices.

124 1739 153 1761 2.
182 1729 294 1772 Fuugi.
739 1733 771 1766 6.
797 1733 934 1768 Palmae.

149 1809 157 1818 .
182 1785 275 1819 Fuci.
761 1813 769 1821 .
795 1790 956 1824 Gramina.

123 1794 157 1883 Ξ.
183 1840 374 1885 llcpaticae.
736 1799 770 1879 ζ.
793 1846 971 1882 Liliaceae.

1084 1916 1119 1949 9.
1141 1907 1216 1941 Zin-

144 1972 207 2019 (ι)
231 1975 412 2010 Methodus
441 1977 509 2009 talis
533 1988 550 2011 a
570 1980 813 2014 recentioribus
834 1981 1047 2028 Clmss'fication
1070 1984 1107 2017 de
1128 1987 1214 2019 Com-

91 2032 243 2077 paratybn
259 2034 403 2075 genev-ale
431 2044 578 2070 vocatur.
626 2038 725 2072 Cons.
763 2038 794 2071 D
807 2047 824 2071 e
842 2047 860 2070 c
875 2048 892 2071 a
906 2049 925 2071 u
941 2037 961 2072 d
976 2041 1021 2073 01
1038 2040 1047 2072 1
1064 2050 1081 2073 e
1098 2066 1108 2081 ,
1146 2043 1165 2077 1.
1190 2043 1215 2075 1.

190 2113 198 2122 .
243 2099 290 2130 ag.
320 2091 341 2124 6
367 2114 375 2123 .

102 2090 119 2132 s
143 2098 204 2192 ἓξ)
221 2099 362 2183 libem-ig
376 2136 478 2183 Elem.
501 2150 539 2184 de
563 2151 598 2185 la
626 2152 695 2186 Bos.
727 2150 780 2186 ed.
809 2154 839 2185 1⁸
867 2151 884 2194 ς
909 2160 965 2194 43.
999 2161 1069 2196 pag.
1098 2155 1151 2198 67,
