1519 2729
665 119 886 175 (46)

215 257 339 316 sensu
365 258 494 299 vitali
522 256 762 310 loquamur,
793 256 844 296 ad
871 257 1049 309 quinque
1079 255 1142 295 vel
1171 267 1250 295 tres
1277 267 1338 295 rc-

221 331 415 372 fe1⁴untun
475 327 541 368 Ex
571 328 697 388 hisce.N
721 339 843 367 unum
885 327 1005 367 nobis
1047 325 1250 366 sumfimus
1291 324 1342 365 ad

219 398 604 452 contemplandum,
635 394 767 450 visiun
799 396 884 437 scil.
913 398 1079 449 eiusque
1109 407 1317 450 organum.

279 469 441 524 Quanta
467 469 512 509 fit
540 469 717 509 animum
760 468 862 506 inter
902 477 942 506 et
981 478 1131 519 corpus
1171 465 1342 506 coniun-

222 541 309 582 ctio
325 570 338 589 ,
354 539 503 579 docent
519 536 703 591 exempla
720 548 883 586 eorum,
900 537 970 589 qni
987 537 1136 576 mortui
1151 535 1343 576 videban-

223 621 316 657 tur„
348 609 529 661 quamvis
559 608 713 647 animus
749 605 1001 646 domicilium
1025 605 1136 645 suum
1163 605 1343 645 nondum

220 677 480 731 reliquisset,
511 687 552 716 et
580 677 678 730 qui,
709 676 778 717 etfi
807 674 1074 728 intelligentia
1117 674 1345 714 adhucdum

222 747 423 803 praediti,
468 746 547 786 fine
587 757 828 799 organorum
869 744 939 786 usu
987 743 1086 784 nihil
1129 744 1347 796 quidquam

225 830 344 872 agere
373 815 570 856 valebant.
611 812 724 867 Quid
748 812 868 863 vero,
891 815 970 856 fine
993 816 1137 855 mentis
1165 814 1317 855 auxilio
1333 842 1345 861 ,

225 900 374 941 organa
394 887 551 927 efficere
578 883 776 937 possent?
807 914 852 922 -
885 883 1081 939 Quamvis
1099 886 1222 939 igitur
1245 897 1345 926 con-

228 957 327 1004 stet,
372 954 457 994 esse
501 953 832 994 necessitudinem
877 956 981 994 inter
1024 966 1246 1006 utrosque,
1291 965 1347 994 ta-

229 1040 345 1075 men,
363 1025 492 1079 qualis
513 1025 611 1065 hacc
637 1025 681 1065 fit
696 1054 709 1074 ,
732 1023 887 1064 definiri
910 1025 1052 1076 nequit
1067 1054 1079 1074 ‚
1112 1037 1204 1065 cum
1227 1036 1280 1063 ne
1299 1023 1347 1064 dc

225 1097 348 1138 animi
388 1095 550 1148 quidem
593 1094 684 1135 sede
719 1096 963 1150 conveniant
989 1094 1235 1143 sentcntiae,
1268 1094 1291 1147 ζ
1301 1093 1346 1146 1)

224 1177 358 1218 neque
385 1166 505 1205 etiam
533 1164 582 1205 de
612 1165 778 1205 caeteris
807 1165 881 1206 hac
910 1167 950 1205 in
982 1178 1024 1206 re
1054 1164 1206 1218 aliquid
1234 1174 1348 1204 certo

224 1235 340 1276 statui
384 1235 501 1288 posse
538 1234 734 1274 videatur.
766 1260 810 1268 —-
840 1234 1028 1275 Plurimis
1057 1245 1188 1274 tamen
1220 1232 1347 1274 visum

225 1304 333 1354 fuit,
371 1304 582 1345 cerebrum
622 1308 686 1343 τοῦ
717 1306 790 1348 νοὸς
829 1304 911 1344 esse
954 1303 1236 1353 domicilium,
1269 1301 1349 1356 (2)

226 1376 322 1428 quia
354 1374 446 1414 inde
485 1374 683 1428 originem
712 1375 864 1415 ducunt
890 1375 1031 1422 nervi,
1063 1375 1133 1428 qui
1163 1372 1351 1414 sensatio-

227 1457 297 1484 nes
338 1456 468 1484 rerum
508 1443 586 1484 huc
629 1443 789 1483 demum
823 1442 1004 1483 afferunt.
1066 1441 1132 1484 Ex
1166 1442 1352 1483 medulla

228 1515 333 1554 enim
362 1514 588 1567 oblongam
612 1515 715 1553 inter
738 1514 917 1554 cranium
942 1513 1031 1562 fitfi,
1065 1513 1194 1552 oritur
1208 1523 1352 1552 nervus

230 1586 418 1638 opticus,
462 1584 532 1635 qui
561 1596 652 1623 cum
682 1583 806 1624 oculo
835 1584 889 1623 ita
914 1585 1157 1624 coniunctus
1183 1593 1269 1630 cst,
1308 1594 1354 1622 ut

229 1667 279 1695 ex
301 1667 352 1694 eo
379 1653 556 1707 pendere
579 1653 773 1694 videatur.
833 1651 995 1697 Nervus
1019 1653 1136 1694 hicce
1161 1651 1353 1706 producit

228 1725 416 1766 retinam
430 1755 454 1772 ,ι
476 1725 516 1763 in
539 1737 617 1776 qua
640 1725 803 1765 obiecta
818 1724 1052 1778 pinguntur.
1083 1721 1201 1763 Hanc
1215 1722 1354 1776 proxi-

230 1807 295 1834 me
318 1793 495 1847 sequitur
517 1795 652 1835 tunica
673 1793 918 1843 clzoroi'dea,
943 1792 1084 1833 deinde
1100 1788 1354 1845 sclerotica,

233 1864 406 1916 denique
434 1877 608 1915 cornea,
637 1877 736 1919 quae
761 1876 852 1919 pars
882 1874 942 1905 est
971 1863 1142 1906 tunicae
1162 1858 1356 1915 sclerati·

1282 1942 1356 1972 cae

284 2031 347 2077 (ι)
371 2035 471 2069 Cic.
495 2037 578 2072 Dtsc.
610 2035 744 2080 Quaest.
767 2035 808 2071 L.
833 2035 860 2069 I.
885 2045 916 2069 c.
939 2044 1049 2078 9-12.

283 2087 346 2131 (2)
372 2091 402 2124 H
416 2101 495 2125 enn
507 2103 525 2126 e
537 2101 597 2134 rt,
619 2093 726 2137 Lesshn
742 2095 799 2130 der
817 2092 975 2140 stbeg.
996 2091 1038 2126 D.
1058 2091 1099 2126 II.
1116 2089 1163 2124 bl.
1177 2099 1251 2132 207.
1269 2089 1359 2123 Blu-

241 2145 473 2190 menbach‚
496 2150 527 2193 §.
550 2160 628 2187 212.
