1519 2729
571 185 792 246 (9')

93 330 328 384 praecipuas
362 329 480 384 hujus
518 330 750 371 variationis
777 327 912 370 causas
948 322 1224 367 'esse-ventum

94 408 143 459 et‘
165 399 356 440 calorem.

114 470 379 523 Antequam
424 470 475 511 ad
514 470 583 511 has
620 467 762 512 causas
805 467 1064 522 exponendas
1101 476 1226 506 trans-

94 519 187 588 eat,
219 539 455 580 methodum
486 540 681 590 exhibet,
714 540 763 581 ad
790 540 894 580 aeris
924 538 1090 592 gradum
1124 536 1225 576 satu-

93 611 260 650 rationis
289 610 658 659 determinandum,
702 622 803 663 quae
832 609 931 649 mihi
969 618 1109 648 notatu
1137 606 1226 661 dig-

94 692 146 721 na
171 681 359 728 videtur,
391 694 513 733 quare
539 681 649 722 illam
675 681 714 721 h.
743 680 770 720 1.
803 692 1039 733 exponam..

154 750 316 792 Caloris
353 753 525 806 gradus,
569 763 653 805 quo
697 750 876 792 nondum
917 761 1019 802 aqua
1060 760 1110 788 ex
1136 747 1228 788 a'e’re

96 822 410 874 praecipitatur,
458 822 525 863 sed
567 825 634 863 aer
674 821 723 861 ad
761 831 914 873 partem
959 830 1084 871 aquae
1139 817 1229 857 suae

95 892 436 944 praecipitandam
480 905 631 945 pronus
675 902 736 931 est
775 904 797 930 a
835 890 887 930 le
921 889 1046 939 Roy
1079 887 1229 928 dicitur

95 961 213 1002 afris
231 958 715 1015 gradussatztrcztioni&
749 961 941 1013 Sequitur
957 960 1079 1013 igitur
1094 959 1228 998 aerem

95 1042 147 1070 eo
175 1031 370 1091 majorem
405 1044 529 1085 aquae
558 1033 821 1085 quantitatem
850 1029 1084 1071 dissolutam
1115 1039 1226 1067 tene·

30 1148 32 1150 ,
95 1111 165 1149 re,
207 1113 291 1154 quo
319 1102 445 1155 magis
472 1102 559 1156 ejus
587 1103 732 1157 gradus
763 1101 1015 1142 saturationis
1044 1111 1106 1139 est
1146 1097 1228 1138 ele-
1262 1096 1269 1100 ”

93 1180 223 1211 vatus.
284 1170 478 1224 Sequenti
494 1173 618 1214 modo
649 1173 764 1214 illum
790 1172 958 1228 gradum
975 1170 1228 1211 determinat.

94 1238 288 1280 ..Sumit
329 1253 397 1281 vas
432 1250 542 1295 aqua*
560 1243 708 1298 frigida
735 1243 966 1298 repletum,
1012 1251 1056 1282 ut
1086 1251 1230 1294 magna

95 1322 221 1363 aquae
250 1323 300 1351 ex
327 1312 418 1352 aere
448 1315 739 1367 praecipitetur
764 1315 993 1368 quantitaS‚
1040 1312 1081 1351 in
1120 1308 1229 1350 vase-

90 1394 144 1421 os
161 1381 337 1434 parietes
371 1385 818 1439 exterioresgaquae,
862 1383 952 1424 vase
983 1391 1229 1429 contentae,

96 1450 263 1505 gradum
294 1451 441 1492 caloris
471 1453 738 1503 determinat,
781 1455 862 1494 hoc
897 1453 1039 1500 facto,
1085 1461 1230 1504 aquam

88 1519 312 1575 calefacit,
359 1523 413 1562 ita
444 1533 488 1563 ut
526 1523 616 1577 ejus
646 1535 913 1578 temperatura
938 1521 1113 1567 dimidio
1141 1532 1232 1575 gra-

90 1590 171 1632 :dus
211 1602 430 1647 augeatur3
477 1592 502 1632 fi
548 1593 623 1635 hac
652 1606 921 1648 temperatura
958 1592 1091 1634 adhuc
1127 1602 1241 1644 aquav

90 1662 259 1702 ‘exzaere
284 1663 600 1716 praecipitatur,
632 1664 778 1706 iterum
804 1663 937 1705 calefit
958 1662 1127 1704 dimidio
1143 1673 1232 1718 gra-

97 1731 171 1772 dus
207 1745 309 1785 aqua
331 1732 419 1772 vase
442 1745 661 1784 contenta,
693 1747 734 1775 et
757 1736 810 1776 fic
839 1747 992 1788 porto,
1037 1732 1086 1772 ad
1114 1731 1232 1772 ilium

97 1813 225 1853 usque
260 1802 449 1856 gradum,
494 1816 578 1856 quo
607 1805 733 1847 nulla
758 1806 874 1846 datur
914 1802 1231 1877 praecipitatio,

99 1871 169 1923 qui
199 1871 321 1924 igitur
350 1873 426 1912 erit
454 1874 559 1914 ac'ris
589 1877 734 1929 gradus
764 1876 1030 1916 saturationis.

154 1939 349 1982 Calorem
375 1952 415 1982 et
455 1955 618 2001 ventum
647 1946 796 1986 causas
814 1945 929 1993 esse,
975 1942 1123 1997 quibus
1163 1953 1231 1981 va-

93 2011 174 2053 riet
199 2023 325 2064 aquae
355 2012 394 2050 in
418 2013 509 2052 aere
543 2011 758 2055 dissolutae
794 2015 1024 2066 quantitas,
1066 2012 1231 2055 directis

31 2108 34 2111 ι
93 2082 247 2136 *probat
286 2084 578 2136 experimentis
616 2080 727 2137 (Ι),
772 2096 873 2137 quae
913 2083 951 2124 h.
991 2082 1019 2124 l.
1046 2095 1130 2124 non
1159 2094 1230 2122 ex-

1151 2166 1229 2207 PO-

141 2230 204 2277 (1)
228 2231 306 2268 Vid.
333 2234 578 2268 commentatio
605 2234 690 2271 laud.
716 2244 792 2279 pag.
817 2244 881 2279 492
912 2210 1046 2279 ‹et-493.
