1519 2729
557 151 783 213 (6¹)

119 303 247 358 spatio
264 331 277 351 ‚
307 300 402 340 novi
434 298 610 338 oriantur
637 302 835 345 vapores,
878 287 1076 330 diminuto
1103 289 1237 333 vero,

119 386 210 429 pars
236 382 431 423 vaporum
461 365 746 421 praecipitetur
775 358 870 414 (1).

179 441 215 482 E
244 439 435 481 sente-ntia
469 435 607 477 Dalt
625 444 692 473 on
722 433 777 470 ita
807 427 1106 481 conjunguntur
1148 422 1236 464 flui-

119 513 172 554 da
201 510 392 558 elastica‚
423 507 493 548 nist
526 504 751 545 chemicam
784 501 824 539 in
851 497 888 538 se
917 497 1091 537 invicem
1127 493 1238 533 exse-

122 593 214 625 runt
239 580 470 625 actionem,
514 588 560 615 ac
590 574 616 614 fi
644 573 760 613 unius
790 579 948 622 partes,
993 567 1033 606 in
1073 563 1237 604 alterius

123 664 256 706 partes
280 651 452 695 intrant,
483 656 524 684 et
550 640 769 696 particulae
798 638 907 685 fluidi
924 666 937 685 ‚
968 646 1121 689 partem
1143 633 1240 672 mis-

125 722 238 765 celae
307 716 581 759 constituentis
599 743 612 762 ‚
670 708 947 752 tantummodo
1007 714 1242 759 premuntur

126 789 336 848 particulis
377 785 553 841 ejusdem
582 793 770 829 naturae,
800 790 884 819 non
912 788 1010 816 vero
1034 771 1247 828 particulis

126 863 228 904 ali-us
268 858 408 906 fluidi,
454 858 536 904 ita,
579 865 623 895 ut
661 853 830 906 spatium
870 847 1000 888 altero
1045 844 1240 899 plenum,

127 934 284 974 ratione
313 928 474 971 alterius
504 923 751 966 vacuum-fit
780 916 874 973 (2).

186 1000 369 1051 Vapores
409 1006 540 1036 autem
582 995 622 1033 in
647 1003 805 1038 vacuo,
849 987 1008 1040 penitus
1043 981 1246 1037 presfione

129 1071 180 1112 ad
215 1069 356 1109 statum
397 1062 715 1122 fluidi‘stil‘lantis
742 1058 878 1099 reduci
918 1054 1116 1108 possuntz,
1160 1052 1242 1094 hoe

128 1153 213 1182 -non
241 1139 397 1179 obtinet
424 1138 463 1193 in
492 1132 740 1187 vaporibus,
787 1141 878 1169 cum
908 1124 1039 1166 fluidis
1069 1121 1246 1163 elastieis

94 1207 457 1266 ‘permanentibus
499 1204 678 1259 juncti83
722 1200 804 1240 hoe
848 1197 954 1236 enim
1002 1196 1042 1234 in
1085 1192 1182 1239 statu
1220 1191 1248 1238 fi

127 1282 251 1332 sunt,
282 1277 391 1319 nulla
421 1277 625 1330 presfione
655 1271 815 1325 penitus
844 1266 893 1306 ad
929 1264 1068 1305 statum
1111 1261 1249 1302 reduci

134 1350 303 1407 possunt
339 1347 449 1390 fluidi
476 1343 706 1390 ‘stilianum
729 1339 829 1385 ‘hoc
871 1347 1002 1378 autem
1040 1332 1160 1375 facile
1189 1341 1250 1372 est

135 1421 340 1474 explicatu
369 1415 548 1468 sequenti
573 1411 723 1452 modo:

194 1488 368 1541 Liquida
409 1486 522 1528 omni.
562 1482 763 1536 pressione
812 1477 1002 1519 emittunt
1051 1484 1251 1525 vapores,

138 1558 276 1602 saltem
306 1559 406 1597 intra
436 1554 529 1595 illos
559 1552 736 1598 limites,
767 1547 868 1586 intra
907 1558 1025 1599 quos·
1043 1543 1251 1585 instituun-

141 1641 204 1670 tur
256 1627 555 1680 experimenta,
612 1619 737 1661 modo
789 1616 887 1656 adsit
924 1615 1124 1670 spatium,
1170 1626 1253 1667 quo

134 1695 340 1741 ⁷contineri
369 1696 519 1749 posfint
541 1694 582 1737 hi
611 1689 796 1744 vapores,
1045 1697 1049 1701 ·

199 1767 466 1821 Applicemus
504 1766 601 1805 haec
642 1761 692 1805 ad
729 1769 910 1799 nostrum
950 1755 1083 1796 casum
1112 1765 1152 1794 et
1181 1765 1256 1806 po-

76 1884 79 1886 ,
141 1849 282 1880 namus
312 1836 512 1889 primum,
546 1833 675 1887 spatio
704 1829 861 1870 cuidam
894 1825 995 1866 nihil
1030 1824 1159 1865 inesse
1185 1824 1256 1866 nifi

144 1919 330 1962 vapores,
390 1904 542 1947 Presfio
561 1904 644 1959 jam
673 1910 892 1954 augeatur,
938 1908 1028 1949 pars
1057 1905 1254 1947 vaporum

1211 1962 1260 2004 li-

190 2073 253 2122 (ι)
276 2076 375 2111 Conf.
399 2074 433 2108 N
450 2083 503 2106 eu
520 2081 672 2112 mann,
697 2073 718 2105 l.
742 2071 764 2105 l.
788 2070 883 2103 Tom.
908 2067 953 2101 ΙΙ.
985 2075 1057 2108 pag.
1085 2052 1176 2108 15¹9.⁷

192 2133 254 2178 (α)
279 2132 354 2166 νὲά.
378 2131 591 2171 Dalton,
614 2129 638 2162 1.
661 2131 684 2164 l.
711 2137 782 2173 pag.
805 2137 879 2173 194·
903 2125 1176 2165 Neumaun,
1201 2122 1259 2159 1.1.

147 2192 245 2228 Tem.
269 2190 314 2226 11.
340 2197 414 2233 pag.
444 2187 518 2230 163.
