1519 2729
708 183 958 239 (ιω)

276 316 430 361 rafflitis
453 319 966 376 praescripfit'religionem
984 352 996 371 ‚
1042 321 1142 363 nihil
1177 323 1391 374 continet,

277 392 394 444 quod
419 404 499 431 non
528 391 716 431 summam
745 390 826 431 Dei
867 393 1105 447 majestatem
1137 404 1176 432 et
1209 392 1393 433 sanctita-

277 473 363 502 tern
391 462 518 502 cuivis
547 460 600 500 ob
630 459 773 501 oculos
798 474 937 514 ponat.
996 464 1184 503 Attamen
1214 461 1394 503 Davides

276 542 318 571 et
348 529 518 570 Salonio
544 530 710 570 ulterius
735 531 1042 584 processerunt,
1073 544 1141 583 et,
1173 545 1270 585 quas
1291 532 1394 573 Mo·

277 601 336 642 ses
384 601 431 641 de
462 601 599 641 divino
627 599 804 641 Numine
833 601 993 641 dederat
1024 603 1242 651 notiones,
1273 615 1393 643 auxe-

276 683 398 721 runt,
443 683 483 712 et
518 671 566 711 ad
608 671 697 711 usus
735 670 1001 712 Israelitarum
1030 671 1146 725 valde
1172 671 1394 724 amplifica-

274 752 385 782 runt.
469 740 582 781 Patet
623 741 704 782 hoc
736 754 786 782 ex
827 741 1012 793 hymnis,
1067 743 1136 794 qui
1178 742 1392 793 notionum

275 810 521 852 sublimitate
556 811 624 850 vix
662 811 922 864 superentur,
966 820 1007 849 ct
1039 811 1146 850 vitae
1170 809 1272 851 adeo
1298 821 1393 863 post

275 890 451 920 mortem
500 879 656 920 futurae
695 880 801 922 haud
840 879 970 920 levem
1018 880 1206 935 injiciunt
1255 878 1392 934 spem,

273 961 297 989 e
333 962 414 1003 «qua
447 961 654 990 momenta
689 962 876 1003 petantur
915 948 964 990 ad
999 961 1132 990 mores
1163 949 1266 990 bene
1299 949 1395 990 diri-

273 1020 432 1075 gendos
461 1018 556 1073 (a).
626 1019 741 1060 Patet
775 1033 797 1060 e
827 1019 1054 1072 proverbiis
1081 1018 1359 1060 Salomonaeis
1377 1049 1391 1070 ‚

274 1100 379 1143 quae
429 1091 609 1144 egregias
657 1091 867 1130 continent
932 1089 1143 1129 sententias
1191 1088 1392 1139 morales,

273 1171 444 1212 qus-rrum
471 1159 616 1199 fim'iles
643 1160 682 1198 in
711 1158 870 1212 scriptis
900 1158 1097 1199 Mosaicis
1132 1159 1199 1199 vix
1240 1160 1392 1211 reperi-

271 1224 402 1269 antur.
463 1228 543 1269 Sed
579 1229 749 1283 maj0res
787 1229 907 1268 etiam
934 1228 1180 1283 ,progressus
1222 1241 1392 1269 cernun-

273 1311 338 1340 tur
376 1300 416 1339 in
445 1297 724 1339 Hebraeorum
752 1298 1013 1339 institutione.
1081 1297 1179 1352 Quo
1221 1299 1393 1351 propius

272 1370 380 1409 enim
431 1369 598 1409 accedas
640 1369 689 1408 ad
739 1366 918 1410 exsilium
971 1367 1392 1418 Babylonicum‚=eo

272 1440 410 1493 plures
438 1438 601 1479 excitati
631 1437 718 1478 sunt
745 1438 999 1491 prophetae,
1030 1450 1133 1489 quos
1165 1436 1279 1477 Deus
1307 1436 1388 1476 sae-

271 1511 365 1564 pius
405 1507 604 1562 populum
645 1507 859 1547 admonere
893 1508 1034 1561 jusfit,
1077 1519 1128 1546 nc
1164 1506 1253 1547 solo
1289 1519 1389 1548 con-

274 1589 406 1618 tentus
435 1576 536 1617 esset
563 1575 675 1617 cultu
714 1588 912 1627 extern03
955 1589 1006 1617 eo
1043 1575 1158 1629 plura
1185 1588 1225 1616 et
1253 1576 1388 1618 excel-

273 1648 374 1688 siora
403 1647 590 1686 vaticinia
621 1645 707 1686 sunt
747 1647 879 1696 edita,
921 1647 1066 1699 quibus
1093 1645 1259 1686 Messias
1290 1646 1389 1687 olim

272 1718 512 1758 adventurus
542 1717 747 1757 evidenter
775 1715 1168 1770 praefignificaretur.
1244 1715 1391 1770 Quid?

273 1787 387 1841 quod
413 1786 662 1840 prophetae,
694 1788 763 1839 qui
790 1788 830 1826 in
857 1786 996 1827 exfilio
1021 1797 1061 1826 et
1094 1799 1236 1839 postea
1279 1787 1389 1826 vixe-

275 1869 394 1906 runt,
437 1870 459 1897 a
500 1856 731 1909 praestantia
770 1856 979 1911 religionis
1009 1856 1262 1898 Christianae
1291 1868 1387 1908 pro-

277 1930 369 1981 pius
390 1928 566 1968 aberant.

1270 1993 1388 2050 Quae

322 2096 385 2142 (a)
411 2097 460 2131 Ps.
483 2098 569 2132 XVI:
600 2100 617 2132 8
635 2119 647 2124 -
665 2108 700 2131 11
718 2122 728 2136 ‚
754 2097 860 2132 XVII:
887 2109 951 2141 14,
978 2107 1030 2141 15.
1065 2096 1185 2130 XLIX:
1218 2105 1254 2138 ¹5
1272 2120 1281 2135 ‚
1325 2097 1390 2134 16,

278 2153 431 2187 LXXIII:
456 2164 496 2195 :3
514 2175 526 2180 -
540 2156 593 2188 28.
641 2154 789 2197 Quorum
810 2155 855 2187 illi
870 2165 887 2187 a
901 2154 1028 2188 Davide
1047 2179 1056 2193 ‚
1082 2153 1112 2184 hi
1130 2160 1223 2185 certe
1246 2152 1316 2194 ejus
1333 2163 1386 2185 ac-

278 2219 322 2243 vo
338 2211 506 2252 compoiin'
519 2212 598 2244 snut.
637 2211 736 2248 (ῖοηΓ.
750 2211 946 2254 Muntinghe
958 2234 969 2252 ‚
993 2211 1016 2246 l.
1043 2211 1065 2244 1.
1077 2210 1115 2244 T.
1132 2210 1188 2243 VI.
1203 2219 1237 2252 p.
1252 2211 1387 2244 '0‘1-102.
