<?xml version="1.0" encoding="UTF-8"?>
<!DOCTYPE html PUBLIC "-//W3C//DTD XHTML 1.0 Transitional//EN"
    "http://www.w3.org/TR/xhtml1/DTD/xhtml1-transitional.dtd">
<html xmlns="http://www.w3.org/1999/xhtml" xml:lang="en" lang="en">
 <head>
  <title>
</title>
<meta http-equiv="Content-Type" content="text/html;charset=utf-8" />
  <meta name='ocr-system' content='tesseract 3.04.00' />
  <meta name='ocr-capabilities' content='ocr_page ocr_carea ocr_par ocr_line ocrx_word'/>
</head>
<body>
  <div class='ocr_page' id='page_1' title='image "annalesacademiae22acad_0261.png"; bbox 0 0 1519 2729; ppageno 0'>
   <div class='ocr_carea' id='block_1_1' title="bbox 0 0 31 2729">
    <p class='ocr_par' dir='ltr' id='par_1_1' title="bbox 0 0 31 2729">
     <span class='ocr_line' id='line_1_1' title="bbox 0 0 31 2729; baseline 0 0"><span class='ocrx_word' id='word_1_1' title='bbox 0 0 31 2729; x_wconf 95' lang='lat' dir='ltr'><strong> </strong></span> 
     </span>
    </p>
   </div>
   <div class='ocr_carea' id='block_1_2' title="bbox 590 155 819 215">
    <p class='ocr_par' dir='ltr' id='par_1_2' title="bbox 590 155 819 215">
     <span class='ocr_line' id='line_1_2' title="bbox 590 155 819 215; baseline 0.004 -1"><span class='ocrx_word' id='word_1_2' title='bbox 590 155 819 215; x_wconf 75' lang='lat'>(23)</span> 
     </span>
    </p>
   </div>
   <div class='ocr_carea' id='block_1_3' title="bbox 56 293 1293 2251">
    <p class='ocr_par' dir='ltr' id='par_1_3' title="bbox 136 293 1260 489">
     <span class='ocr_line' id='line_1_3' title="bbox 142 293 1260 356; baseline 0.005 -20"><span class='ocrx_word' id='word_1_3' title='bbox 142 293 316 336; x_wconf 76' lang='lat' dir='ltr'><strong>formam</strong></span> <span class='ocrx_word' id='word_1_4' title='bbox 344 306 428 337; x_wconf 90' lang='lat' dir='ltr'><strong>non</strong></span> <span class='ocrx_word' id='word_1_5' title='bbox 456 297 638 350; x_wconf 83' lang='lat' dir='ltr'><strong>accipit,</strong></span> <span class='ocrx_word' id='word_1_6' title='bbox 671 298 738 340; x_wconf 88' lang='lat' dir='ltr'><strong>sed</strong></span> <span class='ocrx_word' id='word_1_7' title='bbox 767 297 1019 341; x_wconf 86' lang='lat' dir='ltr'><strong>convertitur</strong></span> <span class='ocrx_word' id='word_1_8' title='bbox 1044 301 1086 342; x_wconf 91' lang='lat' dir='ltr'><strong>in</strong></span> <span class='ocrx_word' id='word_1_9' title='bbox 1111 298 1260 356; x_wconf 78' lang='lat' dir='ltr'><strong>globu-</strong></span> 
     </span>
     <span class='ocr_line' id='line_1_4' title="bbox 140 363 1260 425; baseline 0.008 -20"><span class='ocrx_word' id='word_1_10' title='bbox 140 363 207 405; x_wconf 76' lang='lat' dir='ltr'><strong>ios</strong></span> <span class='ocrx_word' id='word_1_11' title='bbox 232 377 408 419; x_wconf 72' lang='lat' dir='ltr'><strong>parvm,</strong></span> <span class='ocrx_word' id='word_1_12' title='bbox 439 364 613 419; x_wconf 83' lang='lat' dir='ltr'><strong>plenos,</strong></span> <span class='ocrx_word' id='word_1_13' title='bbox 645 367 828 423; x_wconf 76' lang='lat' dir='ltr'><strong>spars08‚</strong></span> <span class='ocrx_word' id='word_1_14' title='bbox 857 369 1037 424; x_wconf 88' lang='lat' dir='ltr'><strong>pondere</strong></span> <span class='ocrx_word' id='word_1_15' title='bbox 1063 369 1260 425; x_wconf 86' lang='lat' dir='ltr'><strong>specifico</strong></span> 
     </span>
     <span class='ocr_line' id='line_1_5' title="bbox 136 434 544 489; baseline 0.005 -13"><span class='ocrx_word' id='word_1_16' title='bbox 136 435 271 477; x_wconf 72' lang='lat' dir='ltr'><strong>terem</strong></span> <span class='ocrx_word' id='word_1_17' title='bbox 302 434 544 489; x_wconf 85' lang='lat' dir='ltr'><strong>superantes.</strong></span> 
     </span>
    </p>

    <p class='ocr_par' dir='ltr' id='par_1_4' title="bbox 136 504 1262 772">
     <span class='ocr_line' id='line_1_6' title="bbox 195 504 1258 568; baseline 0.007 -22"><span class='ocrx_word' id='word_1_18' title='bbox 195 504 347 547; x_wconf 85' lang='lat' dir='ltr'>Causas</span> <span class='ocrx_word' id='word_1_19' title='bbox 374 506 469 549; x_wconf 85' lang='lat' dir='ltr'><strong>duas</strong></span> <span class='ocrx_word' id='word_1_20' title='bbox 494 507 608 550; x_wconf 87' lang='lat' dir='ltr'><strong>affert</strong></span> <span class='ocrx_word' id='word_1_21' title='bbox 651 508 865 565; x_wconf 89' lang='lat' dir='ltr'><strong>Monge</strong></span> <span class='ocrx_word' id='word_1_22' title='bbox 907 511 1056 564; x_wconf 87' lang='lat' dir='ltr'><strong>quibus</strong></span> <span class='ocrx_word' id='word_1_23' title='bbox 1093 511 1134 553; x_wconf 90' lang='lat' dir='ltr'><strong>hi</strong></span> <span class='ocrx_word' id='word_1_24' title='bbox 1165 511 1258 568; x_wconf 87' lang='lat' dir='ltr'><strong>glo-</strong></span> 
     </span>
     <span class='ocr_line' id='line_1_7' title="bbox 139 574 1262 635; baseline 0.007 -20"><span class='ocrx_word' id='word_1_25' title='bbox 139 574 228 616; x_wconf 88' lang='lat' dir='ltr'><strong>buli</strong></span> <span class='ocrx_word' id='word_1_26' title='bbox 280 575 330 617; x_wconf 87' lang='lat' dir='ltr'><strong>ab</strong></span> <span class='ocrx_word' id='word_1_27' title='bbox 372 577 464 617; x_wconf 68' lang='lat' dir='ltr'><strong>aere</strong></span> <span class='ocrx_word' id='word_1_28' title='bbox 505 577 687 621; x_wconf 86' lang='lat' dir='ltr'>sustineri</span> <span class='ocrx_word' id='word_1_29' title='bbox 732 580 930 634; x_wconf 83' lang='lat' dir='ltr'><strong>possunt,</strong></span> <span class='ocrx_word' id='word_1_30' title='bbox 976 584 1158 635; x_wconf 87' lang='lat' dir='ltr'><strong>quamvis</strong></span> <span class='ocrx_word' id='word_1_31' title='bbox 1213 582 1262 623; x_wconf 88' lang='lat' dir='ltr'><strong>il·</strong></span> 
     </span>
     <span class='ocr_line' id='line_1_8' title="bbox 137 643 1260 707; baseline 0.008 -22"><span class='ocrx_word' id='word_1_32' title='bbox 137 643 272 686; x_wconf 83' lang='lat' dir='ltr'><strong>lorum</strong></span> <span class='ocrx_word' id='word_1_33' title='bbox 302 647 463 699; x_wconf 89' lang='lat' dir='ltr'><strong>pondus</strong></span> <span class='ocrx_word' id='word_1_34' title='bbox 493 647 861 702; x_wconf 71' lang='lat' dir='ltr'><strong>specificumaeris</strong></span> <span class='ocrx_word' id='word_1_35' title='bbox 890 652 1071 707; x_wconf 85' lang='lat' dir='ltr'><strong>pondere</strong></span> <span class='ocrx_word' id='word_1_36' title='bbox 1108 645 1260 706; x_wconf 78' lang='lat' dir='ltr'><strong>spicsfi·</strong></span> 
     </span>
     <span class='ocr_line' id='line_1_9' title="bbox 136 715 597 772; baseline 0.009 -16"><span class='ocrx_word' id='word_1_37' title='bbox 136 727 192 756; x_wconf 86' lang='lat' dir='ltr'><strong>co</strong></span> <span class='ocrx_word' id='word_1_38' title='bbox 221 715 354 757; x_wconf 89' lang='lat' dir='ltr'><strong>multo</strong></span> <span class='ocrx_word' id='word_1_39' title='bbox 381 717 509 772; x_wconf 84' lang='lat' dir='ltr'><strong>majus</strong></span> <span class='ocrx_word' id='word_1_40' title='bbox 537 718 597 760; x_wconf 86' lang='lat' dir='ltr'><strong>fit.</strong></span> 
     </span>
    </p>

    <p class='ocr_par' dir='ltr' id='par_1_5' title="bbox 127 785 1262 1056">
     <span class='ocr_line' id='line_1_10' title="bbox 193 785 1261 849; baseline 0.009 -23"><span class='ocrx_word' id='word_1_41' title='bbox 193 797 238 827; x_wconf 87' lang='lat' dir='ltr'><strong>a.</strong></span> <span class='ocrx_word' id='word_1_42' title='bbox 268 785 417 841; x_wconf 86' lang='lat' dir='ltr'>Aqua,</span> <span class='ocrx_word' id='word_1_43' title='bbox 464 789 528 830; x_wconf 52' lang='lat' dir='ltr'><strong>ob⁴</strong></span> <span class='ocrx_word' id='word_1_44' title='bbox 564 789 772 833; x_wconf 82' lang='lat' dir='ltr'>divisionis</span> <span class='ocrx_word' id='word_1_45' title='bbox 810 791 951 835; x_wconf 86' lang='lat' dir='ltr'><strong>statum</strong></span> <span class='ocrx_word' id='word_1_46' title='bbox 995 805 1035 835; x_wconf 88' lang='lat' dir='ltr'><strong>ct</strong></span> <span class='ocrx_word' id='word_1_47' title='bbox 1064 793 1261 849; x_wconf 81' lang='lat' dir='ltr'><strong>globulos</strong></span> 
     </span>
     <span class='ocr_line' id='line_1_11' title="bbox 136 857 1260 920; baseline 0.009 -25"><span class='ocrx_word' id='word_1_48' title='bbox 136 867 313 910; x_wconf 81' lang='lat' dir='ltr'><strong>parVOS,</strong></span> <span class='ocrx_word' id='word_1_49' title='bbox 343 857 393 898; x_wconf 84' lang='lat' dir='ltr'><strong>ad</strong></span> <span class='ocrx_word' id='word_1_50' title='bbox 422 872 526 913; x_wconf 91' lang='lat' dir='ltr'><strong>quos</strong></span> <span class='ocrx_word' id='word_1_51' title='bbox 555 871 651 904; x_wconf 87' lang='lat' dir='ltr'><strong>tunc</strong></span> <span class='ocrx_word' id='word_1_52' title='bbox 678 862 839 905; x_wconf 83' lang='lat' dir='ltr'><strong>redacta</strong></span> <span class='ocrx_word' id='word_1_53' title='bbox 869 875 956 914; x_wconf 88' lang='lat' dir='ltr'><strong>est,</strong></span> <span class='ocrx_word' id='word_1_54' title='bbox 1001 877 1185 920; x_wconf 87' lang='lat' dir='ltr'><strong>magnam</strong></span> <span class='ocrx_word' id='word_1_55' title='bbox 1208 865 1260 905; x_wconf 84' lang='lat' dir='ltr'><strong>ab</strong></span> 
     </span>
     <span class='ocr_line' id='line_1_12' title="bbox 127 927 1262 989; baseline 0.008 -22"><span class='ocrx_word' id='word_1_56' title='bbox 127 927 226 967; x_wconf 63' lang='lat' dir='ltr'><strong>aete</strong></span> <span class='ocrx_word' id='word_1_57' title='bbox 252 928 404 980; x_wconf 84' lang='lat' dir='ltr'><strong>patitur</strong></span> <span class='ocrx_word' id='word_1_58' title='bbox 429 930 690 972; x_wconf 88' lang='lat' dir='ltr'><strong>refistentiam</strong></span> <span class='ocrx_word' id='word_1_59' title='bbox 707 962 722 982; x_wconf 85' lang='lat'>‚</span> <span class='ocrx_word' id='word_1_60' title='bbox 767 946 846 986; x_wconf 86' lang='lat' dir='ltr'><strong>qua</strong></span> <span class='ocrx_word' id='word_1_61' title='bbox 873 947 1021 989; x_wconf 88' lang='lat' dir='ltr'><strong>magno</strong></span> <span class='ocrx_word' id='word_1_62' title='bbox 1063 936 1262 988; x_wconf 87' lang='lat' dir='ltr'><strong>temporis</strong></span> 
     </span>
     <span class='ocr_line' id='line_1_13' title="bbox 133 994 1162 1056; baseline 0.01 -21"><span class='ocrx_word' id='word_1_63' title='bbox 133 994 267 1048; x_wconf 87' lang='lat' dir='ltr'><strong>spatio</strong></span> <span class='ocrx_word' id='word_1_64' title='bbox 295 997 482 1052; x_wconf 78' lang='lat' dir='ltr'><strong>indiget,</strong></span> <span class='ocrx_word' id='word_1_65' title='bbox 512 1011 557 1042; x_wconf 94' lang='lat' dir='ltr'><strong>ut</strong></span> <span class='ocrx_word' id='word_1_66' title='bbox 585 1002 908 1056; x_wconf 83' lang='lat' dir='ltr'><strong>atmosphaeram</strong></span> <span class='ocrx_word' id='word_1_67' title='bbox 938 1004 1162 1056; x_wconf 81' lang='lat' dir='ltr'><strong>percurrat.</strong></span> 
     </span>
    </p>

    <p class='ocr_par' dir='ltr' id='par_1_6' title="bbox 56 1065 1293 1900">
     <span class='ocr_line' id='line_1_14' title="bbox 190 1065 1263 1129; baseline 0.011 -23"><span class='ocrx_word' id='word_1_68' title='bbox 190 1065 230 1106; x_wconf 85' lang='lat' dir='ltr'><strong>b.</strong></span> <span class='ocrx_word' id='word_1_69' title='bbox 275 1066 510 1120; x_wconf 70' lang='lat' dir='ltr'><strong>Affinstaoe,</strong></span> <span class='ocrx_word' id='word_1_70' title='bbox 556 1084 676 1125; x_wconf 87' lang='lat' dir='ltr'><strong>quam</strong></span> <span class='ocrx_word' id='word_1_71' title='bbox 714 1086 818 1129; x_wconf 87' lang='lat' dir='ltr'><strong>aqua</strong></span> <span class='ocrx_word' id='word_1_72' title='bbox 858 1086 951 1115; x_wconf 88' lang='lat' dir='ltr'><strong>cum</strong></span> <span class='ocrx_word' id='word_1_73' title='bbox 995 1075 1087 1115; x_wconf 70' lang='lat' dir='ltr'><strong>aete</strong></span> <span class='ocrx_word' id='word_1_74' title='bbox 1128 1075 1263 1117; x_wconf 87' lang='lat' dir='ltr'><strong>hocce</strong></span> 
     </span>
     <span class='ocr_line' id='line_1_15' title="bbox 133 1134 1263 1201; baseline 0.01 -25"><span class='ocrx_word' id='word_1_75' title='bbox 133 1134 297 1189; x_wconf 88' lang='lat' dir='ltr'><strong>liquido</strong></span> <span class='ocrx_word' id='word_1_76' title='bbox 345 1140 466 1181; x_wconf 91' lang='lat' dir='ltr'><strong>etiam</strong></span> <span class='ocrx_word' id='word_1_77' title='bbox 497 1141 673 1184; x_wconf 86' lang='lat' dir='ltr'><strong>saturato</strong></span> <span class='ocrx_word' id='word_1_78' title='bbox 703 1143 802 1194; x_wconf 88' lang='lat' dir='ltr'><strong>alit,</strong></span> <span class='ocrx_word' id='word_1_79' title='bbox 846 1146 1124 1199; x_wconf 87' lang='lat' dir='ltr'><strong>unusquisque</strong></span> <span class='ocrx_word' id='word_1_80' title='bbox 1170 1146 1263 1201; x_wconf 90' lang='lat' dir='ltr'><strong>glo·</strong></span> 
     </span>
     <span class='ocr_line' id='line_1_16' title="bbox 134 1203 1262 1270; baseline 0.01 -24"><span class='ocrx_word' id='word_1_81' title='bbox 134 1203 259 1248; x_wconf 78' lang='lat' dir='ltr'><strong>buius</strong></span> <span class='ocrx_word' id='word_1_82' title='bbox 296 1209 403 1260; x_wconf 70' lang='lat' dir='ltr'><strong>aeri,</strong></span> <span class='ocrx_word' id='word_1_83' title='bbox 448 1224 532 1264; x_wconf 93' lang='lat' dir='ltr'><strong>quo</strong></span> <span class='ocrx_word' id='word_1_84' title='bbox 567 1214 867 1267; x_wconf 80' lang='lat' dir='ltr'><strong>circumdatur,</strong></span> <span class='ocrx_word' id='word_1_85' title='bbox 910 1215 1124 1265; x_wconf 86' lang='lat' dir='ltr'><strong>adhaeret,</strong></span> <span class='ocrx_word' id='word_1_86' title='bbox 1157 1228 1262 1270; x_wconf 88' lang='lat' dir='ltr'><strong>quae</strong></span> 
     </span>
     <span class='ocr_line' id='line_1_17' title="bbox 65 1277 1261 1341; baseline 0.008 -23"><span class='ocrx_word' id='word_1_87' title='bbox 65 1287 68 1290; x_wconf 72' lang='grc'><strong><em>’</em></strong></span> <span class='ocrx_word' id='word_1_88' title='bbox 129 1277 355 1330; x_wconf 61' lang='lat' dir='ltr'><strong>cohaessm</strong></span> <span class='ocrx_word' id='word_1_89' title='bbox 401 1294 494 1323; x_wconf 90' lang='lat' dir='ltr'><strong>cum</strong></span> <span class='ocrx_word' id='word_1_90' title='bbox 535 1282 728 1326; x_wconf 91' lang='lat' dir='ltr'><strong>volumen</strong></span> <span class='ocrx_word' id='word_1_91' title='bbox 757 1295 1003 1341; x_wconf 64' lang='lat' dir='ltr'><strong>augeatur}</strong></span> <span class='ocrx_word' id='word_1_92' title='bbox 978 1286 1058 1326; x_wconf 86' lang='lat' dir='ltr'><strong>fine</strong></span> <span class='ocrx_word' id='word_1_93' title='bbox 1084 1299 1261 1340; x_wconf 90' lang='lat' dir='ltr'><strong>propor-</strong></span> 
     </span>
     <span class='ocr_line' id='line_1_18' title="bbox 56 1342 1262 1412; baseline 0.01 -25"><span class='ocrx_word' id='word_1_94' title='bbox 56 1342 60 1346; x_wconf 81' lang='grc'>’</span> <span class='ocrx_word' id='word_1_95' title='bbox 129 1348 276 1390; x_wconf 84' lang='lat' dir='ltr'><strong>tionali</strong></span> <span class='ocrx_word' id='word_1_96' title='bbox 318 1351 466 1393; x_wconf 87' lang='lat' dir='ltr'><strong>massae</strong></span> <span class='ocrx_word' id='word_1_97' title='bbox 493 1365 742 1408; x_wconf 85' lang='lat' dir='ltr'><strong>augmento,</strong></span> <span class='ocrx_word' id='word_1_98' title='bbox 786 1355 910 1398; x_wconf 86' lang='lat' dir='ltr'><strong>altera</strong></span> <span class='ocrx_word' id='word_1_99' title='bbox 933 1356 1050 1399; x_wconf 87' lang='lat' dir='ltr'><strong>causa</strong></span> <span class='ocrx_word' id='word_1_100' title='bbox 1083 1368 1145 1397; x_wconf 91' lang='lat' dir='ltr'><strong>est</strong></span> <span class='ocrx_word' id='word_1_101' title='bbox 1182 1365 1262 1412; x_wconf 82' lang='lat' dir='ltr'><strong>qua</strong></span> 
     </span>
     <span class='ocr_line' id='line_1_19' title="bbox 94 1406 1293 1481; baseline 0.009 -22"><span class='ocrx_word' id='word_1_102' title='bbox 94 1406 95 1411; x_wconf 29' lang='lat'>¹</span> <span class='ocrx_word' id='word_1_103' title='bbox 129 1429 258 1473; x_wconf 78' lang='lat' dir='ltr'><strong>aquae</strong></span> <span class='ocrx_word' id='word_1_104' title='bbox 286 1420 511 1462; x_wconf 86' lang='lat' dir='ltr'><strong>retardatur</strong></span> <span class='ocrx_word' id='word_1_105' title='bbox 536 1419 683 1476; x_wconf 81' lang='lat' dir='ltr'><strong>lapsus.</strong></span> <span class='ocrx_word' id='word_1_106' title='bbox 1290 1478 1293 1481; x_wconf 25' lang='lat'><em>¹</em></span> 
     </span>
     <span class='ocr_line' id='line_1_20' title="bbox 130 1488 1260 1551; baseline 0.009 -22"><span class='ocrx_word' id='word_1_107' title='bbox 130 1506 137 1510; x_wconf 87' lang='lat'><strong>·</strong></span> <span class='ocrx_word' id='word_1_108' title='bbox 189 1488 328 1531; x_wconf 84' lang='lat' dir='ltr'><strong>Multa</strong></span> <span class='ocrx_word' id='word_1_109' title='bbox 353 1489 485 1532; x_wconf 88' lang='lat' dir='ltr'><strong>adhuc</strong></span> <span class='ocrx_word' id='word_1_110' title='bbox 512 1491 625 1533; x_wconf 86' lang='lat' dir='ltr'><strong>addit</strong></span> <span class='ocrx_word' id='word_1_111' title='bbox 655 1493 767 1548; x_wconf 84' lang='lat'>(1),</span> <span class='ocrx_word' id='word_1_112' title='bbox 811 1496 960 1550; x_wconf 86' lang='lat' dir='ltr'><strong>quibus</strong></span> <span class='ocrx_word' id='word_1_113' title='bbox 983 1497 1178 1551; x_wconf 86' lang='lat' dir='ltr'><strong>probare</strong></span> <span class='ocrx_word' id='word_1_114' title='bbox 1188 1509 1260 1539; x_wconf 93' lang='lat' dir='ltr'><strong>co-</strong></span> 
     </span>
     <span class='ocr_line' id='line_1_21' title="bbox 130 1558 1259 1618; baseline 0.012 -22"><span class='ocrx_word' id='word_1_115' title='bbox 130 1569 250 1600; x_wconf 84' lang='lat' dir='ltr'><strong>natur</strong></span> <span class='ocrx_word' id='word_1_116' title='bbox 277 1558 475 1614; x_wconf 90' lang='lat' dir='ltr'><strong>globulos</strong></span> <span class='ocrx_word' id='word_1_117' title='bbox 501 1559 596 1601; x_wconf 86' lang='lat' dir='ltr'><strong>illos</strong></span> <span class='ocrx_word' id='word_1_118' title='bbox 623 1563 876 1618; x_wconf 76' lang='lat' dir='ltr'><strong>veficztlares</strong></span> <span class='ocrx_word' id='word_1_119' title='bbox 903 1579 986 1608; x_wconf 92' lang='lat' dir='ltr'><strong>non</strong></span> <span class='ocrx_word' id='word_1_120' title='bbox 1016 1567 1130 1618; x_wconf 86' lang='lat' dir='ltr'><strong>esse;</strong></span> <span class='ocrx_word' id='word_1_121' title='bbox 1163 1581 1259 1609; x_wconf 90' lang='lat' dir='ltr'><strong>cum</strong></span> 
     </span>
     <span class='ocr_line' id='line_1_22' title="bbox 129 1631 1258 1692; baseline 0.007 -22"><span class='ocrx_word' id='word_1_122' title='bbox 129 1639 266 1671; x_wconf 81' lang='lat' dir='ltr'><strong>autem</strong></span> <span class='ocrx_word' id='word_1_123' title='bbox 290 1631 332 1671; x_wconf 90' lang='lat' dir='ltr'><strong>in</strong></span> <span class='ocrx_word' id='word_1_124' title='bbox 361 1633 616 1685; x_wconf 72' lang='lat' dir='ltr'><strong>expositione</strong></span> <span class='ocrx_word' id='word_1_125' title='bbox 644 1637 876 1687; x_wconf 85' lang='lat' dir='ltr'><strong>causarum,</strong></span> <span class='ocrx_word' id='word_1_126' title='bbox 908 1639 1058 1692; x_wconf 88' lang='lat' dir='ltr'><strong>quibus</strong></span> <span class='ocrx_word' id='word_1_127' title='bbox 1086 1632 1137 1679; x_wconf 87' lang='lat' dir='ltr'><strong>ab</strong></span> <span class='ocrx_word' id='word_1_128' title='bbox 1165 1640 1258 1680; x_wconf 69' lang='lat' dir='ltr'><strong>aere</strong></span> 
     </span>
     <span class='ocr_line' id='line_1_23' title="bbox 129 1699 1257 1763; baseline 0.011 -23"><span class='ocrx_word' id='word_1_129' title='bbox 129 1699 316 1742; x_wconf 84' lang='lat' dir='ltr'><strong>sustineri</strong></span> <span class='ocrx_word' id='word_1_130' title='bbox 345 1702 514 1754; x_wconf 83' lang='lat' dir='ltr'><strong>possunt</strong></span> <span class='ocrx_word' id='word_1_131' title='bbox 531 1734 544 1752; x_wconf 85' lang='lat'><strong>‚</strong></span> <span class='ocrx_word' id='word_1_132' title='bbox 590 1707 809 1748; x_wconf 80' lang='lat' dir='ltr'><strong>maximum</strong></span> <span class='ocrx_word' id='word_1_133' title='bbox 837 1707 1147 1751; x_wconf 76' lang='lat' dir='ltr'><strong>fundamentum</strong></span> <span class='ocrx_word' id='word_1_134' title='bbox 1171 1723 1257 1763; x_wconf 89' lang='lat' dir='ltr'><strong>quo</strong></span> 
     </span>
     <span class='ocr_line' id='line_1_24' title="bbox 132 1770 1258 1835; baseline 0.01 -24"><span class='ocrx_word' id='word_1_135' title='bbox 132 1770 273 1812; x_wconf 83' lang='lat' dir='ltr'><strong>harum</strong></span> <span class='ocrx_word' id='word_1_136' title='bbox 300 1772 564 1815; x_wconf 86' lang='lat' dir='ltr'><strong>veficularum</strong></span> <span class='ocrx_word' id='word_1_137' title='bbox 594 1775 822 1818; x_wconf 72' lang='lat' dir='ltr'><strong>exsistentia</strong></span> <span class='ocrx_word' id='word_1_138' title='bbox 858 1780 1000 1821; x_wconf 87' lang='lat' dir='ltr'><strong>nititur</strong></span> <span class='ocrx_word' id='word_1_139' title='bbox 1042 1781 1258 1835; x_wconf 85' lang='lat' dir='ltr'><strong>rejecerit,</strong></span> 
     </span>
     <span class='ocr_line' id='line_1_25' title="bbox 130 1839 789 1900; baseline 0.011 -20"><span class='ocrx_word' id='word_1_140' title='bbox 130 1839 202 1881; x_wconf 84' lang='lat' dir='ltr'><strong>illa</strong></span> <span class='ocrx_word' id='word_1_141' title='bbox 231 1840 312 1883; x_wconf 92' lang='lat' dir='ltr'><strong>hoc</strong></span> <span class='ocrx_word' id='word_1_142' title='bbox 338 1841 436 1882; x_wconf 93' lang='lat' dir='ltr'><strong>loco</strong></span> <span class='ocrx_word' id='word_1_143' title='bbox 462 1855 545 1884; x_wconf 92' lang='lat' dir='ltr'><strong>non</strong></span> <span class='ocrx_word' id='word_1_144' title='bbox 574 1856 789 1900; x_wconf 86' lang='lat' dir='ltr'><strong>exponam.</strong></span> 
     </span>
    </p>

    <p class='ocr_par' dir='ltr' id='par_1_7' title="bbox 126 1908 1260 2174">
     <span class='ocr_line' id='line_1_26' title="bbox 126 1908 1260 1975; baseline 0.011 -26"><span class='ocrx_word' id='word_1_145' title='bbox 126 1908 131 1912; x_wconf 88' lang='lat'>&#39;</span> <span class='ocrx_word' id='word_1_146' title='bbox 189 1908 285 1951; x_wconf 88' lang='lat' dir='ltr'><strong>Alia</strong></span> <span class='ocrx_word' id='word_1_147' title='bbox 314 1910 363 1952; x_wconf 90' lang='lat' dir='ltr'><strong>de</strong></span> <span class='ocrx_word' id='word_1_148' title='bbox 389 1911 611 1970; x_wconf 79' lang='lat' dir='ltr'><strong>barometri</strong></span> <span class='ocrx_word' id='word_1_149' title='bbox 647 1909 939 1960; x_wconf 85' lang='lat' dir='ltr'><strong>mutationibus</strong></span> <span class='ocrx_word' id='word_1_150' title='bbox 966 1919 1110 1971; x_wconf 86' lang='lat' dir='ltr'><strong>affert,</strong></span> <span class='ocrx_word' id='word_1_151' title='bbox 1155 1932 1260 1975; x_wconf 80' lang='lat' dir='ltr'><strong>quae</strong></span> 
     </span>
     <span class='ocr_line' id='line_1_27' title="bbox 134 1972 1258 2042; baseline 0.008 -20"><span class='ocrx_word' id='word_1_152' title='bbox 134 1982 273 2022; x_wconf 87' lang='lat' dir='ltr'><strong>omnia</strong></span> <span class='ocrx_word' id='word_1_153' title='bbox 299 1982 482 2023; x_wconf 89' lang='lat' dir='ltr'><strong>nituntur</strong></span> <span class='ocrx_word' id='word_1_154' title='bbox 505 1972 705 2038; x_wconf 78' lang='lat' dir='ltr'><strong>ponderis</strong></span> <span class='ocrx_word' id='word_1_155' title='bbox 736 1987 1013 2030; x_wconf 81' lang='lat' dir='ltr'><strong>diminutione</strong></span> <span class='ocrx_word' id='word_1_156' title='bbox 1030 1991 1159 2042; x_wconf 61' lang='lat' dir='ltr'><strong>aeris,</strong></span> <span class='ocrx_word' id='word_1_157' title='bbox 1190 2004 1258 2031; x_wconf 80' lang='lat' dir='ltr'><strong>va-</strong></span> 
     </span>
     <span class='ocr_line' id='line_1_28' title="bbox 125 2049 1260 2108; baseline 0.011 -16.042"><span class='ocrx_word' id='word_1_158' title='bbox 125 2049 252 2105; x_wconf 80' lang='lat' dir='ltr'><strong>&#39;potes</strong></span> <span class='ocrx_word' id='word_1_159' title='bbox 282 2051 458 2106; x_wconf 89' lang='lat' dir='ltr'><strong>aquosos</strong></span> <span class='ocrx_word' id='word_1_160' title='bbox 482 2056 759 2108; x_wconf 75' lang='lat' dir='ltr'><strong>continenti53</strong></span> <span class='ocrx_word' id='word_1_161' title='bbox 790 2050 1007 2102; x_wconf 79' lang='lat' dir='ltr'><strong>nonnullas</strong></span> <span class='ocrx_word' id='word_1_162' title='bbox 1041 2063 1161 2103; x_wconf 86' lang='lat' dir='ltr'><strong>etiam</strong></span> <span class='ocrx_word' id='word_1_163' title='bbox 1189 2061 1260 2102; x_wconf 86' lang='lat' dir='ltr'><strong>ad-</strong></span> 
     </span>
     <span class='ocr_line' id='line_1_29' title="bbox 552 2130 1256 2174; baseline 0.011 -8.034"><span class='ocrx_word' id='word_1_164' title='bbox 552 2133 557 2139; x_wconf 91' lang='grc'><strong><em>·</em></strong></span> <span class='ocrx_word' id='word_1_165' title='bbox 1194 2130 1256 2174; x_wconf 88' lang='lat' dir='ltr'><strong>dit</strong></span> 
     </span>
    </p>

    <p class='ocr_par' dir='ltr' id='par_1_8' title="bbox 178 2195 964 2251">
     <span class='ocr_line' id='line_1_30' title="bbox 178 2195 964 2251; baseline 0.014 -18"><span class='ocrx_word' id='word_1_166' title='bbox 178 2195 242 2243; x_wconf 84' lang='grc' dir='ltr'><strong>(ι)</strong></span> <span class='ocrx_word' id='word_1_167' title='bbox 265 2198 344 2236; x_wconf 81' lang='lat' dir='ltr'><strong>vid.</strong></span> <span class='ocrx_word' id='word_1_168' title='bbox 367 2201 547 2247; x_wconf 84' lang='lat' dir='ltr'><strong>Monge</strong></span> <span class='ocrx_word' id='word_1_169' title='bbox 597 2204 668 2240; x_wconf 90' lang='lat'><strong>1.1.</strong></span> <span class='ocrx_word' id='word_1_170' title='bbox 695 2214 769 2249; x_wconf 80' lang='lat' dir='ltr'><strong>pag.</strong></span> <span class='ocrx_word' id='word_1_171' title='bbox 797 2196 964 2251; x_wconf 52' lang='grc' dir='ltr'><strong>ἐπ’-π’</strong></span> 
     </span>
    </p>
   </div>
  </div>
 </body>
</html>
