1519 2729
648 144 699 211 .(
757 148 896 206 26)

218 282 290 325 bet
302 275 451 336 homo,
478 284 546 327 tali
573 286 891 339 expostulationi
919 289 1096 332 obnoxia
1124 290 1207 332 esse
1237 302 1330 345 pos-

216 355 454 405 sunt,·sunt
480 369 577 398 vero
607 356 690 398 sola
716 359 846 400 officia
863 390 876 409 ,
919 361 1096 402 hominis
1135 347 1230 415 eissga
1256 361 1332 402 ho-

214 426 392 474 minem,
439 439 612 480 quorum
654 429 847 471 nonnulla
887 430 953 473 hic
979 431 1028 472 ab
1060 429 1134 472 illo
1159 430 1247 485 jure
1273 441 1330 471 at-

217 507 296 548 que
326 497 367 536 vi
393 497 542 551 exigit<
608 510 609 513 ¹
1320 511 1323 513 ·

269 564 337 606 Ad
366 566 473 607 varia
500 568 624 621 igitur
649 569 826 610 hominis
865 582 959 625 erga
1000 570 1102 611 alios
1133 570 1332 611 homines

210 635 439 679 officiorum
476 639 639 692 objecta
662 640 963 704 respicientes,
1004 642 1072 682 vix
1101 641 1217 681 aliter
1244 641 1331 682 fieri

210 709 378 758 potuit,
421 709 519 761 quin
563 720 614 748 eo
669 711 926 764 pervenirent
963 708 1231 762 philosophi,
1285 719 1332 750 ut

209 775 405 837 quaedam
441 779 550 832 exigi
590 779 709 831 posse
762 779 943 820 dicerent
979 779 1029 820 ab
1074 778 1192 829 aliis,
1237 791 1330 820 eum

207 845 250 884 in
284 845 449 888 modum
467 877 480 896 ,
510 859 556 889 ut
584 849 870 904 immorigeros
894 859 935 889 et
966 849 1257 899 detrectantes,
1288 849 1328 889 vi

205 914 371 967 physica
414 918 596 968 afficere,
641 930 682 960 et
734 919 783 960 ad
821 931 868 959 ea
907 918 1137 972 praestanda
1171 928 1323 974 cogere

205 982 357 1036 liceat,
399 996 502 1040 quae
531 989 674 1030 morali
715 990 834 1030 etiam
862 990 1096 1030 necesfitate
1121 989 1327 1043 jubentur.

204 1053 324 1108 Quae
361 1058 468 1098 enim
510 1060 657 1114 cuique
692 1058 852 1100 animali
903 1058 1052 1099 tributa
1096 1057 1184 1098 sunt
1223 1058 1327 1098 exis-

204 1127 384 1176 tentiae,
417 1125 578 1176 salutis,
624 1127 913 1182 felicitatisque
947 1129 987 1168 vi
1016 1127 1184 1168 tuendae
1214 1139 1328 1180 prae-

204 1194 328 1245 fidia,
370 1196 508 1237 eadem
541 1197 612 1238 illa
654 1199 695 1239 in
741 1198 908 1239 homine
937 1197 1072 1238 adesse
1112 1197 1328 1247 viderunt;

204 1263 318 1305 hisce
350 1266 473 1320 igitur
509 1267 717 1308 hominem
743 1269 802 1307 uti
847 1266 966 1320 posse
1003 1267 1326 1320 perhibuerunt,

202 1346 288 1386 quo
315 1335 446 1377 minus'
473 1335 541 1377 alii
565 1337 696 1378 officia
724 1336 919 1392 quaedam
943 1336 1231 1392 ipfi1praestare
1258 1336 1326 1417 de-

197 1415 430 1446 trectarent.

261 1474 361 1516 Sed
383 1487 424 1516 et
465 1474 543 1516 alia
583 1477 668 1517 esse
711 1476 844 1518 officia
888 1489 971 1517 non
1009 1475 1325 1517 animadvertere

201 1557 287 1602 non
326 1556 576 1600 potuerunt,
616 1558 716 1599 quae
745 1546 829 1586 sola
857 1546 1104 1600 benignitate
1129 1558 1170 1587 et
1201 1546 1323 1587 bene-

198 1613 380 1656 volentia
413 1617 623 1665 nituntur,
671 1616 860 1656 omnibus
887 1615 1050 1669 quidem
1086 1616 1236 1668 pariter
1263 1617 1324 1657 in-

195 1684 295 1734 fita,
327 1697 349 1725 a
376 1684 512 1725 multis
542 1697 640 1725 vero
676 1685 816 1726 misere
845 1685 1047 1740 neglecta.
1107 1684 1221 1727 Haec
1252 1687 1322 1728 tali

193 1754 291 1807 Jure
313 1766 395 1796 non
425 1755 707 1808 postulantur,
737 1768 869 1809 neque
891 1755 993 1796 adeo
1018 1756 1085 1805 vi,
1126 1767 1194 1796 aut
1214 1756 1320 1810 phy-

195 1824 275 1865 fica
316 1825 486 1878 quadam
515 1825 705 1867 facultate
732 1836 989 1878 expetuntur.

255 1894 330 1935 Illa
359 1896 545 1937 dixerunt
573 1896 718 1937 eruditi
748 1893 899 1950 Officia
942 1893 1174 1950 Perfecta,
1218 1896 1316 1940 haec

195 1978 293 2006 vero
321 1965 593 2021 Imperfecta.

250 2035 445 2075 Ceterum
480 2036 579 2076 mihi
621 2031 784 2089 quidem
811 2036 941 2075 minus
975 2034 1075 2075 utile
1104 2034 1322 2085 videbatur*

195 2102 394 2143 hocloco
422 2104 469 2144 de
498 2104 567 2144 illa
589 2106 780 2146 divisione
815 2105 1038 2146 officiorum
1076 2107 1116 2144 in
1151 2103 1315 2146 Perfec-

193 2181 253 2223 ta,
284 2183 324 2213 et
353 2185 400 2213 ea
429 2187 531 2228 quae
558 2175 803 2231 Imperfecta
830 2174 957 2229 vulgo
999 2175 1213 2224 dicuntur,
1255 2175 1312 2215 la-

1261 2255 1312 2285 ti·
