1519 2729
581 106 831 216 (fis)

133 295 248 345 esse,
276 307 326 337 ne
340 308 415 337 nos
429 294 586 337 laedant
601 297 641 336 in
659 294 732 337 usu
746 295 946 335 bonorum
962 289 1244 345 propriorum,

138 377 209 407 aut
223 376 268 419 ut
294 365 665 418 faciantpromissa.
697 389 740 399 -
770 362 1021 417 Simpliciter
1036 359 1137 402 illud
1152 362 1251 402 mih-i

140 434 215 476 soli
242 434 427 490 jubetur,
456 435 570 476 alteri
600 435 648 476 de
663 446 757 474 meo
779 433 879 487 juris
902 432 973 473 usu
987 443 1069 472 non
1085 443 1251 484 compe-

139 504 189 543 tit
226 503 448 545 arbitrium.
505 504 660 558 Justitia
686 502 875 544 naturalis
903 513 1066 542 externa
1107 500 1252 555 gradus

138 572 260 613 habet
273 571 408 614 nullos
426 570 521 626 (1).
552 598 596 610 -
628 583 665 626 3.
697 572 843 614 Licere
857 572 998 620 laesis,
1029 581 1073 612 ut
1090 571 1167 612 suis
1183 582 1252 612 aut

137 642 373 697 conjunctis*
394 643 612 684 multorum
638 641 792 682 viribus
824 652 972 697 cogant
997 640 1222 682 laedentem
1239 671 1253 691 ,

137 702 181 751 ut
224 711 274 752 ab
315 724 453 753 eorum
482 713 685 753 bonorum
713 710 935 753 violatione
965 712 1003 752 se
1033 710 1255 760 abstineat,

135 792 374 834 reparetque
404 781 591 823 damnum
624 781 736 835 quod
762 782 898 831 dedit,
943 781 1056 836 quod
1086 782 1256 822 omnino

134 849 351 903 respondet
371 851 507 892 officio
536 851 723 904 perfecto
740 882 753 902 ,
795 864 878 905 quo
906 852 946 892 vi
972 851 1154 907 legitime
1183 849 1253 893 ad-

134 919 286 960 hibitae
315 922 494 962 refistere
534 932 718 962 vetantur
760 921 957 962 homines,
1030 921 1102 976 Jus
1147 923 1256 962 enim

132 1002 286 1043 ponere
315 1002 356 1031 et
384 991 434 1031 ab
463 1003 515 1031 eo
543 1002 753 1031 removere
777 990 1012 1032 facultatem
1052 991 1258 1046 cogendi,

130 1072 193 1102 est
219 1060 318 1115 juris
348 1059 481 1102 stricte
507 1060 607 1101 dicti
634 1061 845 1101 notionem
875 1071 1053 1101 evertere
1081 1058 1178 1113 (2).

190 1128 318 1170 Iidem
356 1142 482 1183 porro
527 1129 615 1171 sunt
647 1131 778 1183 juris,
825 1142 865 1172 et
905 1131 1027 1173 officii
1058 1131 1258 1185 cujusque

129 1199 306 1253 perfecti
332 1199 481 1240 fontes.
513 1213 561 1223 ¹-
592 1198 708 1243 Alter
731 1213 791 1242 est
816 1202 1028 1243 necesfitas
1052 1200 1260 1242 violentae

131 1268 374 1310 defenfionis
401 1268 588 1310 adversus
616 1282 717 1321 eos,
750 1273 819 1325 qui
843 1272 966 1312 vitam
995 1282 1037 1311 et
1067 1272 1257 1324 corporis

130 1338 482 1389 incolumitatem,
525 1338 784 1390 libertatem,
817 1341 1139 1395 possessionem,
1175 1341 1258 1381 fine

121 1403 366 1462 'cujusquam
404 1409 549 1462 injuria
590 1410 907 1462 apprehensam,
953 1421 993 1450 et
1031 1410 1259 1452 dominium

129 1476 357 1543 legitimum
403 1478 706 1534 aggrediuntur.
753 1506 788 1513 -
828 1479 946 1520 Alter
987 1490 1047 1520 est
1083 1493 1253 1530 eorum,

130 1549 201 1600 qui
227 1546 345 1600 pacta
374 1548 602 1596 iniverunt,
635 1548 852 1590 consensus
890 1552 934 1591 'in
961 1552 1252 1602 coactionem,

130 1618 159 1659 fi
186 1617 304 1657 fidem
332 1617 525 1670 praestare
553 1618 882 1661 detrectaverint.

190 1684 263 1726 Uti
291 1699 463 1740 quatuor
485 1688 577 1746 sunt
601 1701 820 1743 praecepta
850 1691 1074 1732 officiorum
1090 1689 1251 1743 perfec-

133 1757 379 1806 torum,-ita
406 1757 576 1798 totidem
619 1760 738 1799 etiam
764 1760 854 1814 jura
877 1753 990 1810 esse,
1031 1761 1146 1814 supra
1169 1761 1252 1814 Jam

131 1825 317 1866 vidimus.
377 1825 492 1882 Quae
535 1829 575 1867 in
619 1827 698 1868 illis
740 1841 914 1883 quatuor
952 1832 1181 1883 praeceptis
1211 1842 1251 1870 et

133 1895 252 1935 bonis
280 1907 362 1937 non
388 1897 554 1948 possunt
597 1901 823 1948 numerari,
870 1912 916 1941 ea
958 1902 1094 1943 omnia
1136 1913 1250 1954 prae-

131 1966 262 2019 ceptis
338 1965 562 2010 officiorum
628 1970 961 2024 imperfectorum
1025 1969 1253 2012 adscriban-

1189 2051 1253 2082 tur

175 2124 239 2169 (1)
264 2127 282 2170 §
309 2128 385 2168 382·

177 2181 241 2228 (2)
267 2185 285 2228 S
310 2185 388 2227 ³76-
