1519 2729
660 110 884 180 (98)

220 250 458 298 habitantia,
497 249 565 290 vix
593 249 743 290 exstant
777 247 988 302 exempla,
1031 249 1101 289 nifi
1131 245 1331 290 Filart‘ae

220 319 500 370 dracunculi,
531 331 691 373 partes,
722 320 761 360 in
783 319 929 372 quibus
954 318 1211 367 habitabant,
1241 307 1344 370 per-⁷

218 388 381 430 forasse.
442 389 650 431 Genuinae
693 399 824 429 autem
856 387 1149 443 ,perforationis
1183 398 1330 428 nomen

217 459 340 500 ethic
356 470 437 499 non
463 469 664 508 meretur,
694 470 784 498 nam
813 459 853 498 in
883 457 1006 498 altera
1031 457 1116 511 ejus
1142 457 1331 498 extremi-

216 538 296 568 tate
322 527 476 568 rubedo
519 527 750 568 observatur
789 528 891 568 ‘cutis
921 527 1190 580 aegrotantis,
1237 525 1329 567 dein

214 597 475 639 inflammatio
513 597 638 646 levis,
683 608 801 648 quam
845 595 1023 648 sequitur
1066 595 1356 648 suppuratio‚.

213 680 292 722 qua
319 669 359 707 in
385 669 500 720 apice
530 666 714 708 abcessus
743 663 914 706 vesicula
940 664 1179 718 producitur
1206 665 1330 719 nigri-

212 751 332 787 cans3
363 737 528 790 aliquod
542 747 636 789 post
664 747 820 787 tempus
850 736 1121 789 integumenta
1135 733 1328 775 hocloco

210 817 447 860 rumpuntur
462 807 689 847 communia
705 816 744 845 et
770 803 921 844 animal·
940 804 1074 845 senfin]
1107 804 1327 858 sensimque
1359 808 1365 813 ‘

209 889 283 931 per
316 876 417 918 hanc
441 887 664 929 aperturam
700 886 721 914 e
751 875 921 915 cavitate
964 874 1029 915 sua
1062 874 1326 927 protruditur.

209 944 481 987 Probabiliter
511 945 634 999 igitur
658 957 680 984 a
709 943 927 998 praesentia
962 955 1113 985 tantum
1146 943 1326 984 animalis

205 1014 430 1069 perforatio
460 1014 526 1064 fit,
568 1026 649 1055 non
677 1027 775 1054 vero
810 1026 882 1067 per
908 1014 1121 1055 rofionem.
1187 1011 1324 1054 Dolo-

205 1097 268 1125 res
298 1083 495 1124 interdum
524 1084 806 1131 vehementes,
838 1083 1017 1132 fistulas,
1061 1083 1198 1125 ulcera
1240 1095 1323 1123 ma-

203 1152 313 1208 ligna
353 1164 392 1193 et
433 1152 663 1206 sphacelum
693 1153 928 1207 produxisse
960 1154 1188 1194 observatus
1224 1162 1319 1201 est;

202 1234 276 1276 per
305 1219 440 1275 plures
466 1234 590 1263 annos
614 1235 792 1265 ceterum
820 1224 859 1263 in
889 1236 1063 1278 corpore
1089 1222 1222 1264 adesse
1246 1235 1320 1276 po-

204 1299 280 1332 test
300 1291 451 1344 absque
475 1291 560 1334 ullo
584 1293 735 1334 nocivo
763 1291 925 1334 effectu.

630 1412 653 1486 ς’
685 1430 877 1473 vaiu.

256 1568 513 1624 Cysticercus
535 1570 769 1627 -cellqquae
822 1583 862 1613 et
897 1569 1199 1612 Echinococcus
1234 1569 1313 1612 hu·
1359 1567 1362 1570 ⁴

197 1653 346 1681 manus
373 1641 411 1679 in
442 1640 610 1682 cerebro
637 1640 909 1682 memorabilia
936 1640 1166 1693 producunt
1192 1639 1311 1681 effec-

201 1720 252 1749 ta.
314 1707 358 1748 In
399 1707 521 1761 plexu
562 1709 789 1752 choro'ideo
834 1709 1059 1750 habitantes
1116 1708 1312 1749 interdum

197 1777 429 1830 producunt
484 1777 802 1833 cephalalgiam‚
848 1780 1083 1832 vertiginem
1101 1807 1113 1826 ‚
1160 1789 1311 1818 memo-

197 1849 278 1887 riae
307 1857 346 1886 et
383 1845 488 1887 visus
517 1846 842 1899 decrementum,
887 1848 1202 1895 hemicraniam,
1244 1857 1312 1894 aut

196 1926 482 1968 nonnunquam
512 1915 795 1973 hemiplegiam
811 1949 824 1969 ,
855 1919 1052 1960 interdum
1073 1917 1191 1957 etiam
1210 1929 1308 1969 apo-

193 1984 368 2037 plexiam
395 1984 542 2025 indolis
569 1986 809 2032 asthenicae.
872 1987 954 2031 Hic
990 1986 1087 2029 olim
1125 1999 1203 2040 pro
1231 1999 1308 2042 po-

192 2052 300 2106 lypis
327 2053 590 2096 habebantur.

248 2120 294 2164 In
322 2123 482 2165 renibus
504 2123 696 2177 formati,
723 2137 765 2168 ct
787 2138 870 2180 per>
887 2104 1065 2168 ureteres
1095 2138 1187 2168 cum
1216 2125 1305 2169 des·

1205 2206 1301 2237 cen-
