1519 2729
547 199 576 254 Ε
633 196 776 254 57³)

96 333 565 391 strisffacilevconspici
602 347 768 390 potest,
828 334 1030 388 quodnam
1068 342 1116 384 fit
1145 339 1219 383 ka.-

96 421 182 450 rum
215 409 327 448 vitae.
353 421 492 463 genus.
524 427 568 434 -
602 406 644 447 Si
687 406 752 447 vel
791 407 1075 462 fie“Ardeae‚
1121 412 1218 454 alia'.

95 491 263 532 rumque
301 481 432 519 avium
475 478 590 518 huius
645 478 828 531 genem,
885 489 1041 533 ungues
1076 482 1214 523 denta-

97 561 154 590 tas
207 561 247 588 et
297 549 422 590 serrae
471 548 588 588 instar
630 547 821 588 formatas
863 551 1216 604 contemplemur,

95 631 213 672 quam
244 617 415 671 pulchre
446 619 495 656 iis
536 617 750 658 inserviant
785 618 834 659 ad
876 621 1063 671 praedam
1092 620 1218 662 lubri-

95 702 183 730 cam
220 689 428 728 tenendam
471 690 668 728 continuo
709 688 914 739 videmus;
959 691 1008 730 ad
1046 692 1217 732 eundem

94 759 214 799 finem
243 759 282 797 in
309 757 390 798 alio
415 759 545 798 avium
591 770 736 812 genere
773 759 895 799 rostra
927 760 1219 813 deprenhendi-

94 841 212 875 mus,
243 828 380 868 effidem
405 830 567 869 ratione
597 828 739 869 serrata
765 827 830 869 vel
859 829 1043 870 dentata:
1081 822 1219 884 prouti

93 899 133 938 in
164 897 366 940 Pelecano
394 896 615 953 Bassam,
647 897 727 952 (1)
755 900 822 952 qui
851 900 977 940 rostro
997 903 1122 942 utitur
1137 914 1219 941 ma-

93 968 248 1008 ioribus
302 969 607 1020 minoribusque
652 968 840 1009 demibus
894 969 1113 1018 instructo,
1170 969 1220 1009 ad

93 1038 225 1092 pisces
253 1038 466 1090 rapiendos
494 1049 534 1077 et
554 1038 817 1078 devorandos.

138 1107 335 1148 ¹Similem
366 1107 687 1148 convenientiam
707 1137 719 1156 ‚
761 1109 867 1148 vitae
896 1111 1093 1150 rationem
1118 1111 1221 1152 inter

93 1188 134 1218 et
161 1189 334 1232 organa,
365 1179 405 1217 in
434 1178 590 1218 camelo
615 1190 780 1230 quoque
809 1178 1145 1221 observarelicet.
1175 1205 1224 1215 .-

92 1247 286 1289 Camelus
326 1249 431 1288 enim
471 1249 511 1287 in
546 1247 710 1288 desertis
751 1260 791 1289 et
835 1250 1071 1303 regionibus
1100 1249 1223 1290 fervi-

94 1316 156 1357 dis
199 1319 323 1357 vitam
349 1368 357 1372 =
381 1319 632 1371 transigens,
687 1318 758 1357 ubi
799 1330 872 1371 per
913 1319 1063 1359 multos
1105 1320 1224 1372 saepe

61 1375 183 1429 xdies
220 1401 296 1430 nec
334 1387 469 1428 fontes
499 1400 574 1428 nec
609 1387 770 1427 flumina
801 1389 1082 1438 inveniuntur,
1123 1401 1224 1429 con-

96 1459 289 1500 tinuoin-
311 1459 415 1498 vitae
445 1455 631 1510 periculo
661 1457 907 1506 versaretur,
927 1459 1009 1501 snifi
1026 1458 1223 1511 peculiari

93 1529 267 1582 quodam
303 1527 520 1569 stomacho
564 1540 706 1581 aquam
736 1528 888 1568 servare
927 1528 1091 1581 posset,
1137 1542 1222 1581 quo

92 1600 320 1640 utaturwfiti
344 1597 543 1638 laborans.
573 1614 615 1623 -
651 1596 1024 1651 Deprehenduntur
1066 1598 1223 1640 scilicet

95 1667 220 1708 multa
235 1668 504 1721 receptacula
526 1697 539 1717 ,
562 1669 667 1708 inter
681 1664 845 1708 alterius
873 1668 1067 1709 stomachi
1095 1681 1221 1709 mem-

95 1737 259 1777 branas:
302 1739 342 1777 in
373 1738 520 1792 quibus
561 1750 662 1791 aqua
690 1738 758 1777 diu
786 1739 1021 1791 incorrupta
1059 1738 1221 1778 conser-

93 1817 219 1847 vatur.
289 1805 394 1848 Potu
425 1820 522 1849 vero
551 1808 763 1862 indigens,
796 1818 836 1848 et
865 1810 925 1850 fiti
962 1807 1148 1862 pressus,
1179 1809 1220 1849 vi

92 1875 391 1927 musculorum,
421 1889 466 1918 ut
494 1879 679 1928 videtur,
722 1891 866 1931 aquam
893 1891 944 1918 ex
982 1889 1221 1931 receptacu-

93 1945 144 1986 lis
174 1947 213 1986 in
257 1945 503 1989 stomachum
546 1947 753 1999 transfert,
798 1960 840 1990 et
868 1950 970 1991 fitim
995 1951 1049 1990 ita
1077 1947 1217 1989 restin-

90 2016 191 2069 guit.
224 2013 305 2068 (2)

132 2114 136 2118 .
1111 2076 1220 2133 Quis

136 2168 199 2214 (ι)
224 2173 401 2218 Paley,
427 2184 450 2211 t.
472 2186 500 2210 a.
526 2176 625 2220 p.bl-
645 2186 721 2220 319.
745 2176 1218 2222 Clarisse,1.l.b1.55.

73 2227 76 2230 ⁴
135 2226 199 2273 (2)
224 2230 308 2263 Par
325 2241 342 2264 e
359 2242 410 2266 au
444 2234 503 2266 Vir
539 2234 620 2274 Ch,
656 2235 770 2278 Antiq.
797 2235 897 2270 Hebr.
918 2235 1030 2278 Descr.
1061 2244 1099 2280 p.
1133 2246 1213 2281 4¹4·

91 2284 112 2318 S
127 2284 179 2318 ha
194 2297 225 2319 w
241 2312 250 2327 ‚
274 2289 405 2332 myages
434 2299 500 2326 etc.
526 2291 626 2330 Tom,
655 2291 681 2327 1.
708 2302 741 2335 p.
770 2301 844 2335 301.
