1519 2729
727 171 952 242 (30)

270 308 567 350 immedicabile
594 309 874 352 intestinorum
903 312 1041 362 ulem,
1089 312 1154 353 sed
1191 312 1397 355 benedixit

269 377 386 438 uns
416 390 494 420 tam
530 378 751 421 clementer
791 381 1092 437 detergentibus
1131 396 1178 423 ac
1221 382 1398 431 consoli-

270 446 457 487 dantibus
486 448 785 490 medicamentis
813 451 928 504 supra
957 453 1139 506 infraque
1178 452 1395 501 adhibitis,

268 525 314 556 ut
343 516 501 570 repleto
528 520 815 560 convenienter
841 520 989 562 ulceris
1025 535 1183 572 vacuo,
1229 533 1270 562 et
1306 521 1397 579 glu-

267 587 403 626 tinatis
457 587 593 643 ⁴debite
651 589 852 629 hiantibus
893 592 1176 632 intestinorum
1220 593 1395 641 tunicis,

267 655 382 697 brevi
421 657 587 698 evaserit
639 668 691 697 ex
723 657 957 710 periculoso
1002 660 1082 702 hoc
1118 660 1297 713 Syrtium
1329 661 1398 701 ‘ete'-

269 737 412 779 quore.

327 792 481 835 Similis
519 796 631 838 casus
670 794 897 839 Lumhrici
949 798 1108 840 insolita
1159 801 1225 841 via
1277 800 1398 855 ejecti

269 864 496 919 descriptus
525 878 586 906 est
613 880 634 907 a
657 867 915 921 Johanne
944 867 1067 909 Was
1099 866 1205 923 (1):
1253 898 1283 923 „
1313 883 1398 910 mu-

268 933 344 976 lier
358 947 432 988 per
449 935 515 977 sex
542 938 694 978 menses
720 939 910 993 gravida,
940 951 1065 979 annos
1080 949 1171 979 nata
1188 940 1267 994 36,
1300 950 1399 979 tem-

265 1008 489 1059 peramenti
541 1007 775 1062 sanguinei,
819 1009 974 1061 saepius
1013 1008 1200 1050 abortum
1254 1008 1394 1062 passa,

264 1075 400 1116 mense
452 1076 562 1131 Junii
609 1079 739 1132 1783ae
768 1077 849 1118 levi
890 1079 1192 1133 haemorrhagia
1246 1079 1399 1118 uterina

264 1157 455 1200 correpta
493 1158 582 1196 est,
628 1162 707 1201 qua
750 1148 886 1190 sensim
928 1147 1150 1203 adaugente
1191 1148 1399 1189 arcessitus

262 1214 323 1256 fui
351 1215 415 1256 die
452 1228 499 1270 15
527 1217 793 1271 Septembris.
861 1217 950 1258 Hae
992 1220 1154 1272 vesperi
1188 1220 1398 1259 immature

262 1277 436 1339 peperit.
496 1285 640 1328 Paucis
667 1287 808 1329 diebus
834 1287 1061 1341 postillam
1097 1288 1235 1328 invafit
1273 1287 1399 1328 febris

263 1355 436 1405 biliosa,
482 1356 598 1410 cujus
637 1367 758 1411 typus
799 1369 882 1398 erat
910 1356 1077 1396 tertiana
1109 1356 1290 1410 duplext,
1332 1370 1399 1398 ac·

263 1426 381 1467 cesfit
407 1426 590 1468 lienteria
624 1438 665 1468 et
700 1428 858 1481 semper
899 1438 1040 1480 questa
1082 1438 1142 1467 est
1187 1426 1236 1468 de
1278 1425 1398 1467 dolo-

262 1508 333 1542 re,
378 1496 460 1537 levi
503 1508 635 1538 tamen
682 1499 791 1539 circa
833 1496 1104 1546 umbilicum,
1149 1509 1271 1551 quem
1315 1496 1398 1550 jam

262 1577 356 1607 ante
412 1567 601 1608 morbum
638 1567 678 1607 se
720 1567 897 1608 sentiisse
938 1565 1112 1607 dicebat.
1179 1565 1399 1619 Propinavi

261 1637 542 1691 purgantiaiet
577 1639 777 1687 emetica‚
816 1649 989 1690 quorum
1018 1648 1098 1689 ope
1127 1636 1312 1690 magnam
1337 1637 1399 1691 pi-

265 1709 388 1748 tuitae
430 1709 645 1749 tenacioris
686 1709 847 1762 copiam
882 1721 955 1761 per
994 1720 1039 1747 os
1072 1717 1123 1746 ⁸et
1164 1719 1282 1747 anum
1309 1720 1398 1748 eva-

265 1779 429 1829 cuavit,
460 1791 535 1819 nec
556 1791 638 1819 non
669 1780 770 1819 duos
799 1776 1047 1818 Lurnbricos
1076 1787 1236 1817 teretes.
1297 1776 1396 1817 Om-

264 1848 331 1887 nia
385 1847 552 1888 meliora
617 1858 774 1899 praeter
821 1845 1005 1886 dolorem
1058 1848 1166 1887 circa
1233 1846 1395 1888 umbili-

266 1929 391 1968 cum;
422 1919 526 1959 vires
554 1916 874 1958 restituebantur.
931 1915 1020 1971 jam
1048 1930 1145 1958 vero
1172 1917 1305 1959 subito
1337 1928 1395 1958 tu-

1308 2001 1398 2028 mor

312 2091 376 2136 (1)
399 2094 416 2139 J
432 2104 453 2127 o
466 2094 486 2126 h
502 2104 518 2126 a
533 2104 553 2127 n
567 2104 587 2126 n
604 2103 622 2127 e
639 2104 653 2126 s
677 2094 719 2126 W
732 2103 749 2126 a
763 2104 777 2127 s
793 2118 803 2133 ,
826 2094 1056 2137 IWarneming
1069 2101 1206 2127 otutrcnt
1220 2104 1273 2126 cen
1288 2094 1396 2127 lVorm

267 2151 342 2183 door
368 2161 421 2182 een
438 2152 555 2192 gezwel
583 2152 632 2195 bsy'
653 2151 712 2184 [len
731 2152 829 2184 navel
847 2151 964 2185 ontlast
978 2174 989 2192 ,
1026 2153 1058 2183 in
1072 2150 1110 2183 de
1123 2149 1220 2184 Verlz.
1248 2161 1312 2185 ran
1340 2148 1391 2184 hel

265 2208 344 2242 Gen.
370 2215 403 2241 te
421 2206 510 2248 Vsiss.
534 2207 576 2239 D.
603 2207 658 2242 IV.
680 2218 716 2250 p.
738 2217 816 2251 473.
