1519 2729
638 166 866 228 (37)

185 325 334 369 organa
360 312 511 354 haecce
541 310 745 361 efficiunt,
776 307 886 351 aliud
913 314 1156 361 organorum
1185 312 1311 357 genus

186 397 313 424 neme·
335 384 589 437 excogitaret
618 382 684 423 vel
714 376 1214 422 hominumsacutisfimus.

244 453 454 509 Quocirca
498 452 596 493 haec
638 450 958 493 Ciceronis
998 446 1144 495 verba,
1186 455 1315 497 appo-

182 525 254 566 *fite
280 523 390 564 dicta
419 523 661 564 existimem:
708 521 732 574 ζ
742 518 788 573 1)
820 520 966 562 doceat
1001 530 1102 572 ergo
1133 515 1318 569 aliquis,

177 590 360 648 potuisfh
389 594 550 635 melius.
613 591 698 633 Sed
730 604 846 632 nemo
891 601 1090 644 umquam
1125 584 1315 627 docebit:

183 673 252 712 et,
277 662 316 716 fi
340 664 434 717 quis
465 663 683 717 corrigere
711 660 882 716 aliquid
908 660 1039 709 volet,
1086 666 1164 699 aut
1205 654 1315 696 dete-

183 733 276 774 rius
295 731 459 787 faciet,
483 740 559 773 aut
591 730 664 781 id,
696 730 806 786 quod
822 730 926 788 fieri
949 743 1029 772 non
1052 727 1220 783 potuit,
1248 724 1315 766 de-

177 801 399 855 [iderabit.

632 959 635 962 -
665 941 705 994 §·
737 940 829 982 vn.

238 1077 455 1134 Sanguis,
497 1092 584 1134 qua
612 1071 784 1121 ratione
814 1089 855 1120 et
881 1091 1001 1134 quem
1032 1078 1077 1120 in
1098 1075 1256 1132 finem,

293 1157 384 1205 per
414 1163 530 1191 omne
555 1157 703 1204 corpus
732 1149 967 1192 humanum
995 1148 1195 1193 vehatur.

236 1288 357 1343 Quae
401 1289 477 1330 hac
522 1289 561 1342 §.
600 1289 799 1340 referam,
842 1290 982 1331 itidem
1030 1288 1079 1329 ad
1127 1286 1314 1340 corporis

174 1360 312 1400 -nostri
353 1361 619 1401 nutritionem
665 1363 897 1414 pertinentz,
929 1371 1132 1407 attamen,
1164 1357 1218 1398 ob
1251 1369 1317 1396 or-

182 1441 379 1483 ganorum
419 1432 752 1484 operationisque
779 1430 1047 1471 diverfitatem
1064 1457 1077 1478 ,
1109 1426 1321 1481 separatim

189 1500 391 1541 tractanda
419 1501 540 1541 nobis
569 1502 770 1542 videntur.

241 1568 448 1622 Superiori
496 1572 535 1624 §.
579 1571 781 1621 vidimus,
831 1569 909 1624 qu‘a
954 1568 1113 1610 tandem
1165 1569 1321 1609 ratione

192 1637 341 1694 chyluq
355 1668 367 1687 ‚
389 1640 438 1680 ad
457 1643 724 1682 nutritionem
747 1641 917 1682 idoneus
933 1670 946 1689 ,
976 1640 1207 1689 secernatur
1219 1650 1260 1678 et
1274 1637 1326 1678 ad

199 1719 274 1749 cor
304 1720 484 1751 nostrum
501 1711 701 1762 vehatur;
733 1724 841 1755 nunc
870 1723 970 1751 vero
999 1711 1041 1750 in
1067 1709 1212 1750 eodem
1240 1709 1328 1749 fere

183 1789 422 1832 argumento
465 1780 714 1836 pergendum
755 1781 840 1822 esse
875 1779 1106 1830 credimus,
1144 1779 1194 1821 ad
1221 1792 1321 1821 con·

1214 1860 1314 1889 tem-

229 1982 292 2028 (1)
319 1985 418 2020 Cic.
441 1986 480 2019 de
501 1987 586 2021 Nat.
614 1987 710 2021 Deor.
746 1989 787 2022 L.
818 1989 862 2023 ΙΙ.
890 1998 922 2023 c.
947 1998 1002 2031 34.
1049 1987 1321 2026 Animadverten-

183 2040 260 2074 dum
287 2051 360 2075 est:
393 2043 421 2076 C
439 2043 447 2075 i
467 2053 485 2076 c
503 2053 519 2076 e
538 2053 553 2076 r
565 2054 585 2076 o
600 2054 619 2076 n
637 2053 655 2077 e
671 2054 702 2076 m
727 2044 782 2076 hic
808 2053 843 2077 et
864 2044 940 2076 aiibi
962 2044 1099 2078 Balbum
1117 2046 1254 2081 stoream
1273 2046 1321 2078 in-

185 2096 315 2131 duxisse
333 2100 528 2140 loquentem
545 2124 557 2140 ,
581 2101 674 2134 cuius
700 2100 812 2133 verbIS
836 2100 932 2143 saepe
957 2101 1100 2142 utimur,
1125 2100 1259 2135 consilio
1282 2102 1323 2134 ab

188 2155 260 2186 eius
285 2155 444 2187 sententia
467 2156 595 2196 alieno,
614 2166 688 2189 cum
704 2158 781 2198 ille,
803 2167 820 2190 e
839 2147 1025 2190 §torcorum
1040 2159 1190 2200 placitis,
1211 2167 1249 2191 ea
1263 2157 1322 2191 tri·
1363 2184 1366 2189 .

185 2209 263 2244 buac
283 2210 422 2253 munem,
449 2221 533 2253 quae
557 2223 616 2248 nos
643 2214 721 2248 Deo
748 2213 897 2248 tribuere
925 2211 1076 2250 solemus.
1262 2210 1265 2211 ⁷
