1519 2729
549 164 576 220 <
638 178 716 222 139
777 164 804 220 )

648 302 757 356 §lt

457 441 780 487 ULRJcH
840 441 934 499 (ι).

196 582 263 626 Ex
290 583 401 638 ipsa,
443 584 603 636 inquit,
635 581 941 624 Ulrichius
983 583 1062 624 fori
1110 586 1264 625 externi

138 665 247 695 mere
273 652 461 694 naturalis
488 664 624 693 natura
640 665 680 694 et
701 653 866 704 indole,
897 654 1069 709 intelligi
1099 666 1265 708 putave-

137 727 244 773 rim,
288 723 396 764 nulla
421 722 498 763 alia
529 723 594 763 via
622 722 689 764 hic
719 726 876 778 exquiri
906 736 947 765 et
973 724 1086 765 statui
1112 725 1231 777 posse
1248 754 1260 773 ‚

137 793 237 846 quid
276 804 432 834 rectum
469 792 541 840 fit,
585 793 682 844 quid
723 794 984 848 permissum,
1023 797 1063 835 in
1091 794 1262 834 aliorum

136 854 246 911 vita,
288 864 358 903 nifi
402 854 608 902 communi
638 864 813 916 quodam
843 876 883 904 et
908 863 1103 905 constanti
1133 865 1264 904 omni-

136 945 205 974 um
235 933 443 973 hominum
469 931 625 983 judicio
650 944 696 971 ac
727 933 865 981 sensu,
909 946 992 986 quo
1032 933 1265 988 intelligunt

136 1001 375 1048 manifesto,
402 1000 500 1053 quid
514 999 684 1041 aliorum
701 1002 741 1040 in
754 1000 852 1042 loco
877 1002 1103 1050 constituti,
1119 1001 1265 1042 facturi

136 1083 179 1112 et
205 1071 277 1112 fibi
307 1070 529 1119 indulturi,
560 1070 658 1123 quid
687 1071 736 1110 ab
763 1069 852 1110 aliis
883 1070 1054 1111 concedi
1081 1073 1266 1124 ac'prae-

136 1141 228 1199 stati
257 1142 354 1190 fibi,
395 1142 577 1193 optaturi
608 1140 680 1180 fint
709 1137 803 1193 (2).
863 1139 989 1194 Quod
1016 1153 1099 1194 quo
1133 1154 1263 1196 usque

136 1198 391 1253 manifestum
419 1221 505 1258 est,
537 1222 576 1250 et
591 1211 640 1251 ab
670 1211 857 1251 omnibus
907 1210 1166 1260 concessum,
1211 1224 1262 1253 eo

137 1293 264 1334 usque
293 1291 448 1322 rectum
477 1291 538 1318 est
564 1281 603 1319 in
627 1279 722 1319 foro
751 1292 918 1320 externo
942 1292 1049 1319 mere
1078 1281 1261 1322 naturali.

194 1349 262 1391 Ad
295 1349 393 1390 haec
419 1360 515 1389 vero
541 1348 591 1388 ab
623 1347 900 1390 Ulrichio
932 1351 1166 1403 proposita,
1205 1350 1265 1391 se-

1139 1433 1264 1474 quen-

182 1552 247 1599 (1)
284 1554 340 1588 Ul
356 1563 373 1587 r
391 1555 432 1589 ic
445 1554 465 1587 h
481 1555 528 1588 iu
544 1565 558 1588 s
573 1579 584 1596 ,
619 1556 720 1591 Initia
742 1555 953 1603 Philofhphz'ue
975 1559 1064 1596 Justi
1087 1559 1153 1603 sive
1175 1557 1266 1605 Juy's

138 1610 221 1646 Nat.
249 1612 377 1646 socialis
402 1620 436 1646 et
461 1613 630 1652 Gentium,
654 1614 754 1658 Jenae
782 1615 874 1658 1783.
908 1616 926 1659 §
957 1624 1011 1657 31.
1037 1626 1071 1658 p.
1099 1616 1154 1649 28.

185 1664 248 1710 (2)
272 1667 328 1700 Illa
347 1676 430 1710 quae
454 1667 547 1700 nobis
566 1667 671 1702 officia
688 1670 756 1702 esse
773 1678 938 1712 putamus,
953 1680 1012 1703 nos
1033 1672 1128 1703 etiam
1143 1671 1182 1703 ab
1197 1671 1267 1703 aliis

140 1725 233 1766 posse
262 1734 326 1757 non
354 1732 494 1764 tantum,
519 1723 577 1757 sed
602 1733 635 1757 et
655 1725 781 1759 debere
799 1735 960 1769 expetere
978 1752 988 1766 ‚
1012 1727 1162 1768 quoniam
1187 1726 1267 1761 illud

139 1783 335 1822 ceteroquin
359 1781 452 1814 nobis
481 1781 577 1814 etiam
605 1791 669 1814 non
693 1783 777 1816 esset
797 1783 1024 1824 obligatorium
1040 1808 1050 1822 ‚
1089 1784 1185 1816 etiam
1205 1791 1265 1826 pu-

141 1846 247 1870 tarunt
274 1838 418 1871 nonnuni
447 1838 567 1872 Critim
588 1838 797 1881 Philosophi,
822 1848 856 1872 et
876 1849 919 1872 ex
945 1839 1063 1873 eodem
1084 1840 1178 1872 fonte
1206 1839 1267 1873 de-

140 1895 285 1928 rivarunt
311 1894 368 1940 Jus
397 1894 503 1927 latiori
527 1895 642 1934 sensu,
681 1893 843 1939 (fortasfis
868 1895 964 1929 etiam
1001 1894 1178 1929 secundum
1208 1906 1266 1929 eos

139 1949 219 1983 illud
239 1950 297 1987 ,Ius
322 1948 535 1994 impmfictum
557 1950 647 1984 foret
675 1950 899 1996 dicendum),
932 1952 1077 1995 illudque
1112 1952 1268 1987 dixerunt

138 2011 344 2052 aequitatem.
391 2008 556 2041 strictiori
577 2010 665 2043 sensu
689 2008 722 2040 hi
741 2008 798 2054 Jus
816 2007 970 2041 dixerunt
997 2009 1181 2042 libertatem
1207 2019 1265 2042 co-

139 2064 236 2107 gendi
258 2066 393 2098 alterum
422 2064 459 2098 ad
484 2064 605 2108 aliquid
629 2063 812 2098 faciendum
836 2065 889 2096 vel
919 2065 1144 2102 omittendum.
1189 2066 1265 2101 vid.

140 2121 185 2155 H.
208 2121 239 2168 J.
263 2121 303 2155 M
317 2131 332 2154 a
349 2130 361 2154 t
376 2129 388 2154 t
403 2121 421 2153 h
439 2130 457 2154 e
474 2131 487 2154 s
503 2146 513 2160 ‚
552 2122 583 2154 in
611 2122 696 2155 libro
721 2121 775 2154 eui
795 2121 931 2155 titulus:
968 2123 1105 2166 llffigffz.
1137 2134 1202 2158 van
1224 2125 1262 2157 de

137 2178 220 2215 Crit.
246 2177 401 2226 Wsjsbeg.
420 2178 461 2212 T.
477 2179 534 2213 1V.
555 2178 697 2222 Specim.
727 2179 767 2213 V.
786 2189 820 2222 p.
846 2187 918 2222 ¹70·
