1519 2729
565 135 818 194 (233)

111 258 289 320 nuscitur
320 275 344 330 ζ
354 275 413 329 1).
474 273 707 318 Istiusmodi
738 275 864 330 quid,
896 277 936 317 in
966 278 1166 320 creditore
1194 271 1245 322 iia

111 360 178 389 cet
207 350 426 389 inhumano
444 378 456 396 ,
488 347 546 388 nil
580 359 709 388 tamen
736 348 927 402 injustum
956 360 1120 403 agente,
1167 352 1242 391 ob-

110 418 335 468 servatum,
367 417 482 459 nullo
513 419 639 459 modo
667 417 751 458 fieri
780 416 929 470 posse,
961 419 986 459 fi
1013 420 1116 473 juris
1151 420 1243 462 fun-

109 481 338 536 dumentum
363 500 537 542 ponatur
565 490 604 528 in
631 487 796 537 officio,
834 488 925 528 satis
964 489 1040 529 iam
1073 502 1133 530 est
1175 491 1243 531 de-

107 557 367 598 monstratum
409 558 459 598 ab
514 558 603 598 aliis
659 554 753 612 (2).
838 556 944 598 Illud
985 559 1107 613 igitur
1161 561 1244 602 hoc

104 626 203 668 loco
242 627 436 668 excitasse
483 628 678 676 sufficiat,
709 640 801 668 nam
842 627 1042 681 idipsum
1080 630 1246 692 enuela-⁸

101 697 186 736 tius
239 710 471 750 proponere
513 697 628 739 nullo
673 697 797 738 modo
843 708 910 737 aut
953 698 1071 753 hujus
1129 714 1242 741 com·

108 768 369 806 mentationis
407 767 584 818 finibus,
629 778 696 808 aut
747 767 878 821 scopo
921 781 1063 810 nostro
1093 783 1243 812 conve-

103 836 190 875 nire
223 847 426 888 putamus.

611 965 636 1018 ς
668 965 741 1006 IV.

132 1100 264 1156 suris
291 1103 402 1145 notio
427 1116 524 1145 cum
553 1102 676 1160 officii
703 1105 868 1147 notione
896 1114 1190 1161 comparatur.

157 1239 302 1283 Paucis
339 1243 421 1297 J'am
460 1256 532 1294 ea,
578 1257 679 1299 quae
709 1247 902 1288 hactenus
931 1248 1105 1289 diximus
1142 1261 1243 1301 per-¹

98 1310 343 1363 lustremus,
375 1324 420 1354 ut
445 1325 608 1367 pateat,
652 1316 751 1370 quid
780 1318 937 1358 tandem
976 1318 1114 1360 harum
1157 1331 1241 1359 no-·

99 1382 285 1432 tionum
313 1383 415 1437 juris
445 1394 484 1424 et
513 1385 665 1434 officii,
697 1387 743 1428 fit
772 1387 1004 1429 discrimen.

161 1457 224 1492 1⁰.
256 1451 410 1501 Ratio,
454 1455 513 1494 uti
556 1455 753 1506 diximus,
799 1460 1008 1512 utriusque
1049 1460 1232 1500 notionis

94 1520 277 1562 habenda
305 1522 398 1563 fons
435 1535 509 1566 est.
540 1547 584 1566 —
613 1526 659 1567 In
687 1526 810 1568 altera
836 1540 933 1568 vero
956 1529 1006 1569 ad
1031 1530 1228 1570 internam

92 1591 237 1644 agendi
280 1595 477 1634 rationem
515 1594 774 1648 applicatur,
819 1597 868 1637 ad
902 1609 1106 1639 externam
1131 1612 1230 1640 vero

90 1660 132 1700 in
166 1659 318 1712 altera,
363 1676 561 1716 quatenus
604 1665 712 1707 facta
739 1677 902 1708 externa
931 1669 971 1708 in
997 1667 1228 1710 libertatem

334 1742 337 1746 '
1170 1739 1234 1781 al·.

104 1874 106 1877 .
139 1828 203 1875 (π)
227 1833 320 1866 Unus
340 1833 450 1877 itaque
479 1838 616 1882 proprie
646 1847 696 1872 est
718 1839 798 1882 juris
817 1839 912 1882 fons;
943 1849 1054 1875 natura
1079 1836 1228 1880 scilicet,

94 1888 191 1931 cujus
221 1888 303 1923 duae
343 1891 415 1925 sunt
435 1894 564 1937 species
593 1897 648 1929 vel
676 1903 720 1930 1⁰.
743 1900 875 1939 natura,
911 1900 967 1932 vel
991 1900 1037 1934 2⁰.
1060 1900 1227 1933 hominum

92 1947 243 1979 voluntas
268 1947 307 1980 de
326 1948 384 1981 suo
410 1949 484 1991 jure
503 1951 641 1993 aliquam
669 1961 797 1996 partem
819 1965 850 1987 111
873 1956 1011 1989 alterum
1027 1955 1233 1991 transferen?

95 2002 187 2036 tium.
233 2003 308 2037 Vid.
330 2006 360 2038 G
378 2015 586 2049 ratama,
623 2009 711 2053 Diss.
728 2011 816 2046 laud.
840 2022 875 2055 p.
905 2022 960 2057 35.
993 2014 1106 2047 Hola
1137 2024 1226 2048 van

90 2059 321 2115 Nooten,
346 2064 368 2097 l.
393 2064 414 2097 l.
434 2066 572 2099 maxime
596 2067 671 2101 inde
693 2078 710 2100 a
734 2079 769 2111 p.
790 2078 845 2111 30.

136 2115 175 2160 (2
182 2115 199 2160 )
226 2118 244 2150 S
261 2119 354 2161 ypk
371 2130 424 2152 en
442 2131 481 2162 s,
514 2123 545 2156 in
568 2123 655 2166 Dtss
671 2124 797 2169 saepius
836 2125 925 2161 laud.
959 2134 993 2160 et
1023 2128 1105 2163 Crit.
1127 2126 1226 2174 Mag.

92 2171 133 2206 V.
161 2172 205 2208 D.
229 2175 275 2208 N.
293 2177 352 2211 1X.
398 2178 501 2214 Conf.
525 2180 763 2223 Dullert‚
783 2183 912 2229 1...1p
932 2192 991 2229 57.
