1519 2729
561 206 784 264 (35)

117 349 240 403 igitur
265 347 450 389 Deorum
479 346 639 388 suorum
671 345 834 387 tutelam
862 357 909 387 ac
945 345 1126 388 favorem
1156 349 1227 392 fibi

116 417 302 459 adversus
343 417 544 459 Israelitas
583 418 869 470 impetrarent,
912 416 1092 471 Jehovae
1128 431 1228 460 vero

117 489 216 528 iram
244 489 285 527 in
313 500 385 528 eos
411 488 660 535 excitarent,
701 486 1018 540 hospitalitatem
1046 487 1226 528 liberali-

102 568 321 611 tatemque
349 556 595 612 fimulantes,
623 556 673 596 ad
700 557 807 598 sacra
836 557 902 598 sua
930 556 1142 598 Hebraeos
1169 559 1230 599 in·

117 628 306 670 vitarunt.
367 625 570 668 Israelitae
592 637 725 667 autem
745 627 865 668 rebus
878 628 1059 668 venereis
1074 628 1232 679 inhian-

117 708 207 746 tes,
238 697 333 738 huic
362 696 470 737 festo
496 698 726 752 frequentes
753 697 920 746 adsunt,
952 698 1140 739 taeniolis
1165 712 1231 741 ca·

117 767 459 827 pillosbredimiti
504 768 600 810 Deo
647 767 841 809 sacrificia
883 767 1081 818 offerunt,
1125 767 1235 811 lauta

117 839 307 880 convivia
333 837 568 886 celebrant,
613 836 845 891 lasciveque
880 837 1067 879 saltantes
1094 838 1234 880 libidi-

116 908 237 949 nibus
279 920 376 948 mox
418 908 699 960 abripiuntur,
738 920 857 961 atque
881 910 921 948 in
951 909 1071 961 ipsius
1100 908 1233 950 Mofis

116 977 343 1030 conspectu
372 977 496 1031 genio
521 977 592 1018 suo
619 977 832 1032 indulgere
849 978 954 1018 haud
970 978 1232 1020 erubescunt.

174 1046 292 1102 Quae
306 1046 584 1089 Moabitarum
599 1047 988 1101 Midianitarumque
1012 1047 1120 1092 sacra
1136 1061 1232 1090 cum

79 1165 82 1168 Δ
114 1117 342 1160 universam
400 1118 580 1172 gentium
644 1117 994 1163 Canaiiniticarum
1051 1118 1234 1162 indolem

116 1189 266 1229 eximie
309 1187 512 1238 referant,
559 1188 794 1242 conjectura
840 1188 922 1242 jam
965 1187 1087 1229 facile
1130 1188 1235 1230 assc-

117 1269 316 1310 quamur,
361 1271 433 1298 cur
475 1256 674 1308 Hebraei,
719 1268 921 1312 occupata
955 1259 1123 1313 regione
1153 1258 1236 1300 Ca-

116 1328 344 1378 nafinitica,
389 1339 470 1368 tam
509 1327 630 1369 facile
657 1327 707 1368 ad
734 1327 837 1369 festa
872 1327 1011 1368 harum
1051 1329 1235 1382 gentium

117 1397 359 1441 celebranda
373 1397 484 1439 allici
499 1399 721 1452 potuerint.
755 1397 844 1451 Jam
859 1410 958 1439 vero
970 1397 1127 1452 Jehova
1154 1398 1236 1439 fine

117 1469 264 1519 animi,
294 1469 423 1517 vitae,
450 1480 693 1520 morumque
708 1469 961 1523 integritate,
979 1468 1057 1509 fine
1073 1469 1253 1509 virtutisv

119 1539 363 1593 pietatisque
392 1540 591 1581 exercitio
620 1539 704 1581 coli
735 1552 816 1580 non
850 1550 1026 1592 poterat.
1085 1537 1238 1579 Licen-

121 1611 199 1651 tiae
216 1608 479 1658 immodicae,
503 1609 707 1664 voluptati
735 1610 928 1663 vitiisque
954 1609 1238 1650 omnibusini-

129 1681 236 1721 mica
279 1690 362 1719 erat
401 1691 495 1720 vera
533 1680 832 1736 religi0,‘nec
873 1680 1044 1720 crimina
1084 1679 1239 1732 expiari

127 1749 246 1803 posse
279 1750 454 1791 docebat
495 1753 574 1792 fine
618 1752 722 1791 vitae
765 1749 1062 1791 emendatione.
1137 1747 1241 1803 Quo

124 1821 252 1874 magis
293 1822 416 1875 igitur
449 1822 491 1860 in
529 1820 648 1861 lautis
678 1819 798 1862 rebus
825 1819 1084 1861 versabantur
1111 1817 1239 1859 Israe-

64 1928 69 1936 ,
127 1889 222 1930 litae
263 1901 302 1930 et
340 1890 594 1931 finitimarum
639 1892 818 1945 gentium
862 1884 1122 1931 commercio
1150 1899 1241 1928 ute-

129 1960 273 2002 bantur
291 1989 303 2010 ,
346 1972 563 2014 earumque
590 1960 787 2002 foeminas
816 1960 1019 2002 ducebant
1060 1970 1240 2007 uxores,

1189 2040 1242 2068 eo

129 2129 256 2164 nopere
309 2121 514 2155 ducebantur
550 2122 665 2164 populi
702 2121 917 2157 incultiores,
954 2098 1026 2153 satis
1067 2116 1246 2152 ostendunt

132 2186 208 2211 cum
235 2178 295 2212 alia
330 2181 403 2212 loca
441 2178 519 2212 llos·
554 2179 609 2212 IV:
641 2188 693 2221 13.
721 2178 815 2225 Jesaj.
840 2178 944 2213 LVII:
972 2186 991 2220 5
1008 2196 1023 2204 ·
1041 2185 1094 2211 10.
1119 2175 1247 2222 Jerem.

135 2235 177 2269 11:
204 2245 245 2278 23
262 2256 273 2261 -
289 2237 352 2276 26,
377 2240 454 2270 tum·
474 2236 629 2278 imprimis
655 2235 784 2289 Ezecli.
806 2235 909 2278 XVI,
936 2232 1157 2274 XX‚XXllI.
1198 2284 1202 2286 η

614 2296 619 2300 .
645 2295 681 2336 C
715 2309 739 2336 2
785 2293 794 2297 -
1156 2296 1163 2300 .
