1519 2729
748 178 971 233 (52)

306 313 452 356 oculus
476 327 558 355 non
586 302 738 356 tantum
767 314 902 357 fimilis
931 315 977 356 fit
1011 315 1264 369 telescopio,
1293 327 1433 357 verum

305 397 356 426 eo
394 384 519 439 longe
559 385 756 437 praestet,
800 397 920 438 quare
962 384 1199 437 imperfecta
1230 384 1429 434 consilio,

299 449 488 509 ‘perfecta
533 455 685 508 absque
734 454 903 497 confilio
960 448 1168 504 auctoris,
1210 448 1435 508 composita

303 523 389 565 esse
412 519 655 566 credemus?

565 798 776 855 Conclufio
805 800 931 843 huius
963 801 1182 844 sectionis.

355 938 433 981 Est
458 938 560 982 vhaec
588 942 780 994 profecto
807 953 971 982 naturae
1003 941 1121 981 huius
1146 938 1431 994 adspectabilis

297 1009 511 1058 conditio,
543 1021 608 1059 ut,
639 1012 662 1052 fi
693 1024 778 1051 eam
805 1012 994 1064 ingenio,
1025 1011 1236 1065 indagandi
1254 1011 1428 1063 cupido,

298 1077 647 1132 contemplemur,
671 1081 710 1119 in
739 1081 1047 1121 admirationem
1073 1082 1271 1122 continuo
1300 1081 1429 1132 rapia-

296 1149 414 1188 mur.·
489 1147 596 1189 Cum
643 1151 751 1189 enim
802 1150 929 1199 haec,
983 1162 1087 1203 quae
1139 1140 1427 1198 exhibuimus,

299 1217 550 1270 specimina,
591 1229 747 1271 quanto
773 1220 902 1273 magis
943 1220 1077 1259 onmis
1117 1229 1256 1259 natura
1306 1218 1427 1259 nobis

294 1287 482 1330 ostendet
508 1286 824 1342 magnitudinem
840 1286 1095 1340 stupendam,
1125 1286 1425 1329 multitudinem
1454 1304 1460 1307 κ
1506 1303 1510 1312 ¹

291 1369 335 1398 et
373 1359 535 1411 copiam
562 1370 695 1398 rerum
725 1359 956 1412 ingentem,
999 1358 1311 1411 varietatemque
1339 1356 1427 1397 fere

291 1422 491 1467 infinitam
508 1428 519 1466 l
549 1442 592 1450 -
623 1425 714 1466 Nec
736 1438 865 1465 tamen
883 1427 921 1465 in
938 1427 1013 1467 hac
1029 1427 1285 1468 multitudine
1301 1437 1341 1467 et
1357 1439 1424 1467 va-

288 1494 454 1545 rietate,
471 1495 678 1535 harmonia
695 1526 707 1544 ,
735 1497 901 1542 ἰσονομία
919 1525 930 1544 ,
959 1495 1178 1537 constantia
1195 1526 1208 1545 ,
1240 1509 1319 1550 qua
1333 1508 1424 1536 eae-

292 1565 384 1607 dem
413 1562 575 1607 naturae
597 1562 708 1621 leges
725 1595 738 1614 ,
770 1567 901 1606 ubivis
926 1576 965 1604 et
996 1564 1152 1618 semper
1176 1564 1316 1607 locum
1346 1566 1423 1606 ob·

291 1622 449 1683 tinent}
482 1633 565 1687 (1)
594 1648 672 1688 qua
707 1636 843 1675 omnia
884 1634 1073 1674 omnibus
1113 1636 1422 1677 accommodata

287 1706 408 1754 sunt,
452 1700 562 1757 puria
599 1704 762 1757 paribus
803 1703 1046 1756 respondent
1089 1702 1168 1757 (ε’.)
1198 1717 1238 1744 et
1279 1707 1422 1746 conci-

288 1785 419 1821 nunt,>
436 1772 645 1828 neglectae
670 1773 842 1814 fuerunt.
875 1773 919 1814 ln
949 1774 1011 1814 his
1031 1785 1163 1814 autem
1193 1773 1420 1827 pulchritu-

289 1844 423 1885 dinem
453 1843 546 1884 vide
559 1856 634 1883 nus
662 1842 808 1893 talem,
840 1843 1003 1897 qualem·
1027 1857 1088 1884 ars
1114 1844 1282 1885 humana
1318 1857 1417 1885 nun—

288 1927 409 1969 quam
433 1914 589 1970 assequi
619 1915 773 1969 posfit3
820 1914 1056 1964 utilitatem,
1101 1926 1203 1969 quae
1229 1926 1280 1956 ex
1306 1916 1417 1957 omni
1478 1915 1500 1976 :⁴

1325 1997 1415 2038 par-

334 2081 398 2128 (ι)
422 2084 454 2117 H
470 2094 488 2131 e
505 2095 520 2117 r
534 2084 556 2117 d
572 2095 589 2118 e
606 2096 622 2118 r
636 2111 649 2126 ‚
674 2085 762 2121 ldeezv
777 2110 788 2126 ‚
814 2087 839 2121 1.
863 2086 921 2120 60.
940 2085 1075 2129 egregie
1096 2083 1201 2120 dicit:
1237 2094 1274 2118 et·
1295 2087 1337 2118 ist
1364 2089 1416 2119 ein

286 2141 439 2182 analogum
452 2165 462 2179 ‚
485 2145 571 2174 eiml·
594 2142 766 2186 schifffmlg
794 2151 861 2175 etc.

332 2194 395 2242 (ε’.)
419 2197 448 2233 C
464 2197 474 2230 i
489 2202 523 2232 c.'
541 2198 579 2231 de
599 2198 682 2235 Nat.
714 2199 812 2235 Deor.
836 2199 878 2235 L.
904 2198 929 2232 1.
968 2207 1000 2232 c.
1032 2207 1081 2239 19.
