1519 2729
558 182 585 238 (
644 178 784 239 230)

120 320 397 375 quaestiones,
448 322 602 364 nonnisi
660 320 848 362 instinctu
888 317 1091 369 admisso,
1137 318 1241 360 solvi

119 390 268 444 posse,
312 392 402 444 quis
432 391 574 432 dicat?
631 390 863 432 Instinctutn
904 401 1030 438 vero,
1076 388 1126 429 ad
1167 390 1243 431 fin-

119 460 298 515 gularem
339 462 533 514 cuiusque
572 463 677 503 vitae
717 462 912 503 rationem
955 457 1243 500 accommoda-

121 541 234 580 tum,
293 542 376 571 non
429 531 509 571 fine
564 531 736 573 consilio
774 530 950 585 quodam
1005 527 1244 570 concessum

119 601 231 651 esse,
259 599 380 641 facile
396 612 521 654 patet.

126 695 130 698 -
176 669 325 724 Neque
374 672 571 712 minorem
619 683 784 721 curam,
829 671 880 712 ad
920 668 1244 720 sustentationem

120 741 245 781 totius
271 742 429 795 generis
456 741 521 782 vel
549 741 720 795 speciei,
745 741 966 782 adhibitam
993 739 1246 783 videmus..-

119 808 317 863 Quamvis
366 812 474 852 enim
528 812 601 853 fibi
643 813 816 853 invicem
857 812 972 865 saepe
1012 821 1096 851 non
1127 807 1244 849 valde

118 880 192 920 {int
220 879 456 930 dissimiles,
488 893 620 924 tamen
634 880 854 923 foeminam
883 881 1062 923 eiusdem
1093 879 1245 933 speciei

117 947 275 1002 semper
296 949 428 990 noscit
452 950 678 1001 masculum,
710 953 910 992 ambobus
936 953 1040 992 inest
1075 959 1242 1007 procre-

115 1018 207 1058 andi
245 1019 465 1071 cupiditas,
510 1031 556 1060 ea
597 1021 858 1075 tempestate,
918 1011 1021 1075 qu'ae
1059 1019 1242 1060 omnium

115 1083 287 1127 maxime
313 1099 373 1128 est
404 1100 649 1143 opportuna.

171 1155 505 1200 Nidificationem
535 1161 561 1202 fi
603 1160 989 1208 animadvertamus,
1035 1161 1104 1200 vix
1143 1157 1242 1199 alibi

114 1225 262 1268 clarius
291 1240 395 1269 artes
423 1230 554 1272 insitas
584 1242 625 1272 et
653 1232 862 1274 instinctus
897 1231 1081 1284 conspici
1122 1228 1242 1284 posse

113 1308 231 1350 puto.
269 1319 315 1329 —
355 1301 455 1340 Avis
494 1303 602 1341 enim
640 1314 798 1352 annua,
841 1303 1023 1355 quamvis
1058 1299 1242 1349 nesciat,

112 1368 431 1411 nidificationem
459 1371 534 1412 fibi
558 1371 763 1426 pullisque
780 1402 792 1423 ,
824 1385 955 1426 qu03‚
1000 1373 1089 1413 ovis
1117 1383 1245 1411 excu-·

114 1439 243 1490 batis,
286 1442 522 1494 prodituros
560 1443 673 1493 esse,
718 1456 769 1483 ne
812 1444 1020 1484 coniicere
1076 1440 1241 1495 quidem

111 1519 277 1561 potest,
317 1510 456 1552 utilem
495 1512 611 1562 fore,
659 1512 772 1567 (eius
809 1524 995 1567 parentes
1032 1513 1139 1552 enim
1177 1509 1241 1551 su-

112 1590 160 1617 os
198 1580 503 1624 aedificaverant
537 1584 685 1632 nidos,
730 1595 943 1637 antequam
984 1581 1069 1636 ipsa
1099 1583 1140 1621 in
1176 1580 1239 1621 lu-

111 1660 202 1688 cem
253 1653 567 1706 emittebatur),
613 1653 802 1694 instinctu
857 1653 1004 1702 ducta,
1060 1652 1237 1705 primum

112 1729 232 1769 quem
272 1722 492 1774 construit,
538 1724 617 1764 fine
652 1723 745 1764 ullis
785 1722 1100 1770 tentaminibus,
1132 1731 1237 1774 quae

112 1787 214 1827 male
244 1789 471 1842 cesserunt,
516 1793 654 1834 nidum
694 1794 856 1842 condit,
895 1793 966 1833 suo
1006 1793 1046 1831 in
1089 1802 1237 1845 genere

111 1856 349 1909 perfectum,
373 1860 398 1915 <
406 1860 452 1914 1)
513 1863 674 1905 Deinde
699 1866 782 1905 avis
805 1863 903 1913 illa,
934 1864 1065 1903 motui
1101 1861 1234 1902 conti-

109 1939 211 1968 nuae
251 1930 430 1980 assueta,
473 1945 659 1988 magnum
692 1935 887 1987 temporis
928 1932 1098 1986 spatium
1135 1942 1235 1972 con-

110 1997 227 2040 sumit
253 2001 294 2040 in
329 2002 575 2045 excubandis
606 2004 723 2054 ovis,
755 2015 800 2044 ea
830 2002 978 2044 caloris
1007 2002 1230 2055 temperie,

1152 2084 1235 2126 qua

152 2157 215 2202 (1)
241 2159 494 2204 Buddeus,
527 2163 550 2197 1.
589 2163 612 2198 l.
633 2174 667 2208 p.
690 2171 770 2207 257.
802 2162 834 2195 in
856 2170 934 2196 nota
969 2162 1234 2204 Lulofsii,

107 2224 142 2258 p.
170 2217 243 2258 ¹96·
