1519 2729
747 205 997 261 (226)

292 345 414 392 adlit,
456 343 559 385 ratio
589 342 716 393 facim,
760 356 861 397 quae
902 356 995 385 cum
1024 344 1070 385 fit
1099 344 1183 398 ipsa
1220 342 1422 384 universa-

289 414 340 454 lis
367 426 485 467 atque
515 411 797 464 immutabilis,
826 411 897 465 Jus
924 413 1016 454 inde
1058 414 1274 455 deductum
1315 413 1420 466 pari-

291 495 352 524 ter
380 484 454 525 hac
483 483 775 524 universalitate
809 493 929 534 atque
965 483 1290 524 immutabilitate
1333 494 1422 522 cer·

287 565 434 603 natur,
463 552 625 595 necesse
652 564 726 592 est.
787 550 902 606 Quid
927 553 1035 592 enim
1065 551 1293 600 absurdius,
1324 550 1424 605 quid

290 624 364 665 fibi
391 625 516 678 magis
539 618 792 677 repugnans,
820 633 938 673 quam
966 623 1113 674 cuique
1139 621 1245 662 suam
1271 621 1422 676 fingere

286 693 397 748 jutis
430 692 610 746 regulam
650 690 933 745 peculiarem?
971 688 1055 730 Aut
1086 690 1184 743 quid
1213 690 1343 731 minus
1372 691 1424 731 ad

288 763 391 803 hanc
420 762 577 803 turbam
609 759 829 801 tollendam
857 759 1249 801 accommodatum?
1291 759 1423 800 Immo

255 826 385 872 'ver-o
413 831 511 885 quid
536 831 586 873 ad
609 843 697 871 eam
729 829 1056 884 *promovendam
1097 831 1259 882 aptius,
1301 837 1422 882 atque

287 901 552 943 instructius?
594 900 712 955 Juris²
740 903 905 953 itaque,
950 901 1009 940 uti
1039 911 1086 940 et·
1115 900 1242 941 officii·
1274 901 1421 947 notio,

283 972 394 1021 hoc,
417 984 478 1029 ex.
499 972 705 1013 communi
732 970 875 1018 fonte,
906 980 1126 1010 commuue
1141 971 1260 1011 etiam
1286 969 1422 1010 secum

285 1043 464 1086 invicem
483 1041 632 1082 habent
648 1053 674 1089 ,ὲ
692 1051 737 1081 ut
763 1032 1104 1094 quemadmodum
1141 1039 1243 1093 juris
1285 1035 1422 1079 Obser-

282 1112 416 1151 vantia
443 1112 545 1151 inter
568 1110 752 1150 homines
769 1139 782 1156 ‚
827 1110 882 1150 ita
919 1110 1045 1151 officii·
1072 1110 1337 1162 praestatione
1380 1110 1421 1149 in

283 1178 374 1233 ipso
401 1180 564 1220 homine
597 1180 812 1220 consensus
852 1191 1158 1234 concentusque
1202 1182 1418 1221 exoriatur.

285 1248 537 1302 Principium
554 1250 709 1302 itaque,
739 1249 851 1303 quod
867 1249 1083 1291 retulimus
1096 1279 1108 1298 ‚
1142 1249 1234 1295 ideo
1253 1261 1335 1290 non
1352 1254 1420 1290 ve'-

286 1332 375 1361 rum
397 1306 517 1372 atque
534 1331 616 1359 non
633 1319 830 1360 sufficiens
852 1319 936 1361 esse
952 1332 1035 1360 non
1051 1331 1201 1374 potest.
1261 1319 1419 1373 Requi-

286 1391 386 1430 ritur
414 1399 466 1430 ex
491 1389 591 1443 juris
630 1389 840 1442 principio
879 1391 1060 1430 omnium
1092 1392 1261 1431 omnino
1294 1390 1418 1430 liber-

285 1470 373 1510 -tasx,
418 1471 590 1512 quacum
617 1459 743 1512 igitur
768 1457 886 1499 liberi
917 1458 1092 1500 aliorum
1127 1459 1283 1499 arbitrii
1324 1460 1417 1501 usus

284 1541 379 1571 cum
397 1541 500 1569 meo
526 1527 679 1568 arbitrii
707 1525 778 1567 usu
807 1529 1010 1570 consistat.
1071 1526 1259 1569 Libertas
1285 1531 1415 1580 enim,

284 1600 313 1641 fi
341 1611 442 1652 quae
469 1599 611 1645 datu-r,
650 1596 839 1638 omnibus
878 1597 1056 1650 aequa-lis
1097 1597 1155 1639 fit.
1229 1597 1418 1640 Licentia

285 1670 473 1722 quaevis,
503 1668 604 1707 hanc
621 1665 900 1718 aequalitatem
920 1666 1068 1706 tollens
1087 1697 1102 1715 ,
1128 1680 1177 1708 ex
1206 1667 1418 1710 homiuum

285 1736 497 1778 consortio
531 1749 571 1777 et
609 1736 800 1777 socictate
837 1735 1103 1786 excludatur,
1150 1740 1311 1780 necesse
1340 1751 1415 1781 est.

284 1805 393 1848 Nam
419 1819 501 1847 non
530 1807 713 1847 iubemur
741 1820 763 1847 a
784 1807 943 1847 ratione
966 1805 1193 1852 libertatem
1237 1798 1416 1850 nostram

285 1877 495 1926 minuere,
555 1889 692 1916 verum
734 1875 915 1929 postulat
956 1874 1052 1922 illa,
1089 1888 1133 1916 ut
1186 1877 1289 1919 hanc
1334 1877 1415 1918 illis

284 1945 434 1987 finibus
458 1943 875 1994 circumscribamus,
920 1958 1024 1998 quos
1051 1946 1173 1986 nobis
1208 1947 1416 1988 constituit

283 2015 468 2057 aliorum»
494 2015 686 2058 libertas:
724 2030 785 2058 est
826 2016 932 2056 en-im
959 2028 982 2055 a
1010 2015 1174 2056 licentia
1201 2016 1324 2073 longe
1355 2018 1414 2059 cli·

285 2084 394 2125 versa
439 2084 632 2135 libertas,
678 2082 842 2142 illique'
860 2084 1022 2140 prorsus
1051 2088 1276 2129 ‘contraria
1316 2087 1340 2138 (
1349 2085 1412 2138 1).

651 2156 654 2160 ’
1323 2156 1413 2199 8οἰ-

333 2229 396 2276 (1)
422 2233 566 2275 xant,
592 2235 701 2280 1.1.§
728 2235 771 2272 G,
