1519 2729
574 177 846 236 ·(·59)

173 318 274 367 bus,
299 308 347 357 ¹in
376 317 473 367 haec
502 318 625 360 verba
651 320 786 372 erupit
814 315 922 373 (a):
959 348 988 372 „
1018 316 1142 360 Nunc
1170 308 1286 373 equs-

109 402 117 412 ·
171 386 264 427 dem
307 386 515 428 manifeste
558 388 672 440 scio,
715 389 912 443 Jehovam
958 389 1148 430 omnibus
1189 389 1286 430 Diis

170 458 356 511 potentia
391 457 514 513 longe
557 459 640 499 esse
671 457 964 515 superiorem.”
1023 457 1172 512 Neque
1201 470 1288 498 tan-

171 538 258 569 tum
286 540 336 569 ex
365 529 519 582 ingenti
549 530 738 581 periculo
761 529 1006 578 liberandis,
1037 528 1102 570 vel
1125 529 1175 570 ab
1193 529 1290 569 hos-

171 591 292 652 tium‘
322 599 476 652 impetu
538 599 800 642 defendendis
839 599 1062 650 Israelitis,
1105 598 1291 654 Jchovae

169 669 410 711 cernebatur
439 674 652 724 potentia,
696 672 764 713 sed
803 670 1008 712 miraculis
1037 671 1288 724 quibuscun-

169 751 249 793 que
303 739 497 790 edendis,
543 753 733 783 externos
778 742 943 784 illorum
988 740 1120 782 sensus
1164 753 1289 793 quam

169 812 343 851 maxime
384 811 637 852 ferientibus.
713 812 759 853 In
801 814 944 853 mediiS
985 813 1091 852 enim
1113 810 1291 852 Arabiae

151 880 333 921 ¹desertis
359 883 513 937 ingenti
546 883 757 924 hominum
785 882 1036 924 multitudini
1064 895 1140 923 nec
1173 882 1255 923 cibi
1273 909 1288 929 ‚
1333 901 1345 911 -»

165 963 300 1004 neque
341 956 531 1009 aquarum
574 954 696 1005 copia
740 952 934 994 defuerat.
1017 951 1145 1007 Quod
1189 963 1291 991 vero

164 1021 331 1073 prorsus
356 1024 573 1064 maximum
601 1034 715 1072 erat,
748 1033 911 1076 praeter
927 1024 1107 1063 omnium
1123 1022 1289 1076 opinio-

165 1102 258 1130 nem
301 1090 452 1133 devicti
489 1092 702 1147 jacuerunt
748 1093 1021 1143 Canaanitae‚
1067 1094 1138 1146 qui
1196 1091 1289 1144 plu-

165 1160 279 1201 ribus
322 1162 452 1215 iisque
496 1164 786 1216 potentissimis
841 1163 1124 1218 gloriabantur
1177 1161 1288 1203 Diis.

165 1229 234 1271 Ne
255 1232 450 1273 miremur>
469 1234 604 1287 itaque
621 1264 634 1283 ,
668 1233 895 1284 israelitas,
928 1235 998 1288 qui
1020 1244 1127 1274 tanta
1141 1243 1290 1285 poten-

165 1301 497 1356 tisfimiJehovae
514 1303 757 1345 documenta
773 1305 846 1358 ipfi
874 1305 952 1346 suis
982 1304 1164 1344 viderant
1186 1315 1287 1342 ocu-

163 1371 216 1412 lis
245 1383 287 1412 et
315 1372 490 1414 senfibus
520 1375 678 1427 experti
707 1374 891 1424 fuerant,
923 1386 1085 1414 ornnem
1118 1374 1160 1412 in
1187 1371 1286 1413 Deo
1344 1363 1346 1365 ¹

164 1442 237 1484 suo
263 1442 451 1484 fiduciam
476 1443 678 1496 posuisse,
710 1457 751 1485 et
777 1445 874 1486 huic
903 1446 972 1486 uni
988 1457 1065 1498 pro
1080 1444 1198 1484 tantis
1214 1443 1286 1483 be·

163 1512 322 1553 neficiis
360 1524 513 1567 gratam
555 1513 748 1555 retulisse-
778 1526 984 1564 mentem,
1026 1516 1154 1555 immo
1183 1526 1286 1554 vero

165 1581 370 1624 idolorum
412 1584 672 1638 pluriumque
712 1584 901 1627 Deorum
943 1576 1100 1626 cultum
1132 1584 1285 1626 aversa-

166 1663 232 1694 tos
262 1654 411 1704 fuisse,
443 1667 516 1709 per
540 1668 661 1696 omne
689 1656 790 1698 illud
813 1668 1000 1710 tempus,
1031 1669 1115 1710 quo
1141 1666 1284 1710 gentes

165 1722 407 1765 Cana'anitas
449 1725 717 1769 debellarunt.
776 1726 926 1780 Neque
966 1739 1040 1781 per
1074 1737 1206 1767 totum
1234 1724 1283 1765 il-

165 1792 238 1834 lud
279 1802 468 1848 tempus,
510 1797 624 1849 quod
650 1797 700 1837 ab
745 1788 946 1851 Occupata
980 1796 1204 1838 Palaestina
1232 1793 1284 1834 ad

166 1863 393 1907 Samuelem
423 1880 551 1921 usque
582 1868 749 1918 eduxit,
792 1868 990 1922 Jehovam
1024 1866 1283 1906 deseruerunt

164 1949 320 1978 omncs.
410 1937 607 1992 Quamvis
638 1940 746 1979 enim
787 1938 963 1987 fuerint,
1003 1937 1074 1990 qui
1099 1933 1282 1990 Jehovae

122 2026 126 2031 ·
164 2008 284 2063 plane
311 2007 462 2048 nullam
491 2008 683 2050 haberent
708 2010 905 2049 rationem
933 2005 1041 2062 (b),
1072 2017 1112 2046 et
1136 2004 1184 2056 {in
1206 2017 1279 2059 pe-

161 2080 417 2134 regrinorum
459 2077 648 2121 Deorum
693 2078 858 2121 tutelam
899 2078 979 2121 sese
1016 2077 1276 2125 conferrent,

1202 2157 1278 2200 P0·

206 2226 271 2270 (a)
296 2227 406 2262 Exod.
430 2228 551 2262 XVIII:
578 2237 629 2261 11.

208 2282 271 2328 (b)
294 2285 370 2330 Jud.
393 2286 485 2321 VIII:
509 2295 564 2328 33.
587 2286 630 2319 Χ;
650 2286 683 2320 6.
