1519 2729
568 191 792 251 (93)

119 331 241 380 verfis¹
270 329 377 371 locis
415 332 669 382 monuimus,
723 329 1038 388 classifications
1076 331 1128 372 de
1167 342 1236 374 tan

115 409 379 449 tonnement,
422 400 470 441 de
507 399 798 456 comparaison
833 401 1039 455 ge‘ndrale
1088 411 1134 443 et
1182 402 1234 443 de

107 460 431 525 subordination
461 468 512 510 de
544 473 786 512 caracteres
815 469 839 523 (
848 468 909 522 1).

172 536 246 579 Ex⁴
292 538 374 591 ipsa
415 538 595 580 clasfium
638 540 873 580 definitione
915 539 1034 580 facile
1068 540 1234 592 dignos-

116 606 243 648 cenda
271 606 358 647 sunt
385 608 490 649 varia
528 621 654 662 eaque
693 609 812 663 plane
853 609 1027 664 disparia
1069 608 1237 664 finguffa·

115 688 202 717 rum
219 674 578 720 eclasfificationum
610 679 764 720 merita.

584 815 609 870 ς
631 777 774 862 mx.

170 952 256 993 Ubi
283 953 441 1006 pffantae
467 952 555 994 solo
581 952 771 1007 adspectu
807 966 848 996 et
877 967 987 996 tactu
1014 957 1119 1009 quasi
1148 957 1236 997 Bo-

113 1024 278 1071 tameo,
321 1022 429 1063 nullst
468 1022 645 1062 adhibite
680 1024 820 1077 regula
863 1024 941 1065 fixfi
980 1037 1056 1065 nec
1085 1027 1229 1079 agendi

111 1093 265 1132 ratione
293 1091 485 1133 constanti
504 1121 518 1140 ‚
550 1093 590 1131 in
621 1091 781 1134 ordines
823 1092 1075 1146 familiasque
1116 1095 1228 1149 dige-

111 1174 251 1204 runtur
289 1174 331 1204 et
364 1161 673 1212 clasfificantur‚
719 1174 805 1205 tota
846 1163 1098 1204 clasfificatio
1127 1166 1232 1204 arbi-

112 1233 257 1281 traria,
287 1231 541 1286 irregularis,
571 1234 679 1273 variat
711 1244 751 1273 et
783 1232 987 1274 mutabilis
1018 1233 1066 1273 fit
1094 1245 1234 1274 neces-

111 1300 152 1342 se
178 1312 252 1343 est.
311 1300 411 1355 Non
436 1302 592 1351 dicam,
625 1301 870 1356 fingulorum
901 1302 1112 1342 hominum
1141 1302 1229 1343 sen-

112 1372 175 1414 sus
203 1383 244 1411 et
273 1371 608 1427 dijudicationes,
639 1373 687 1412 iis
723 1371 1031 1424 superstructas‚
1075 1373 1115 1411 in
1147 1372 1233 1412 dies

110 1442 329 1484 variare.et
357 1443 509 1483 variare
538 1443 714 1490 debere,
759 1454 852 1482 cum
902 1452 978 1481 una
1018 1440 1238 1494 eademque

112 1523 175 1551 res
217 1510 295 1551 sese
338 1510 399 1551 illi
430 1511 542 1561 hoc,
588 1512 686 1552 huic
728 1510 809 1551 alio
854 1509 977 1550 modo
1005 1511 1234 1552 intuendam

115 1581 294 1634 praebet.
337 1580 486 1637 Verum
519 1581 631 1635 quod
660 1579 921 1634 fingularibus
949 1581 1083 1620 evenit
1105 1580 1237 1622 homi-

116 1649 265 1700 nibus⁷
295 1649 400 1692 idem
428 1651 576 1692 accidit
606 1651 737 1691 eidem
767 1649 922 1690 homini
951 1648 1032 1689 alio
1061 1650 1102 1689 in
1131 1662 1233 1691 tem-

117 1731 242 1772 pore,
272 1730 422 1769 aetate,
453 1719 551 1761 loco
578 1720 748 1774 aliisque
791 1718 1111 1760 circumstantiis.
1170 1719 1236 1760 In·

120 1788 170 1829 de
195 1789 276 1843 jam
303 1788 422 1838 satis,
452 1791 511 1831 uti
540 1791 638 1832 mihi
670 1788 853 1836 videtur,
896 1798 1030 1841 patet,
1075 1787 1235 1830 clasfifi·

118 1858 299 1899 cationes
335 1857 587 1911 plantarum,
632 1858 681 1900 ad
724 1857 888 1900 classem
915 1858 1085 1910 primam
1129 1859 1234 1900 refe-

118 1928 286 1975 rendaS‚
317 1926 597 1969 informandis
628 1927 828 1968 methodis
859 1927 923 1967 vel
950 1927 1234 1984 systematibus

117 1996 393 2045 naturalibus,
422 2008 514 2054 vere
544 1998 595 2040 fic
633 1996 779 2046 dictis,
823 1994 973 2037 nullius
1012 1997 1104 2039 usus
1146 1998 1232 2040 esse

117 2065 249 2119 posse.
308 2063 416 2108 Hinc
443 2067 561 2108 etiam
586 2064 774 2110 Botanici
803 2065 962 2109 serioris
990 2067 1107 2118 aevi,
1149 2080 1234 2109 me-

1187 2136 1233 2179 li,

161 2207 227 2257 (ι)
249 2211 350 2247 Conf.
379 2212 400 2257 S
428 2211 504 2256 N,
526 2211 605 2250 XXI
631 2220 667 2248 et
693 2211 846 2260 xxxw,
