1519 2729
701 126 729 182 (
792 139 842 170 10
900 125 926 181 >

247 268 416 317 locum,
472 276 517 308 ut
555 275 595 305 et
637 263 920 307 Entozoorum
962 265 1126 314 nomine
1175 261 1377 304 interdum

246 337 495 381 enumerasse
523 335 707 380 animalia
738 335 830 376 talia
857 349 958 389 qnae
986 335 1035 375 ab
1063 346 1179 374 extus
1212 334 1253 373 in
1284 344 1376 373 cor-

247 420 324 461 pus
352 408 595 448 advenerunt
613 435 626 452 ‚
663 406 722 445 uti
751 418 790 444 v,
822 418 858 445 c.
887 407 1009 446 cutim
1053 402 1299 455 perforantia
1336 412 1377 442 et

246 475 321 518 sub
365 477 439 517 hac
479 476 692 531 degentia,
739 486 811 530 per
838 487 950 515 nares
978 484 1170 521 attracta,
1207 484 1244 513 e.
1275 470 1303 512 s.
1333 484 1377 524 p,

245 559 419 598 quorum
461 544 660 599 permulta
699 545 850 584 exstant
892 543 1079 596 exempla
1117 541 1224 595 apud
1251 542 1378 595 scrip·

245 627 368 657 tores.

304 684 586 725 Entozoornm
615 695 716 723 vero
741 679 863 722 titulo
892 670 1293 734 comprehenduntur
1322 691 1380 720 ta·

245 752 300 794 lia
337 752 522 793 animalia
566 753 605 790 in
641 751 813 793 aliorum
856 750 1088 792 animalium
1117 762 1292 806 corpore
1320 750 1382 791 vi·

246 824 378 864 ventia
407 833 446 862 et
477 821 677 876 indigena.

752 959 776 1013 §
809 958 882 1001 111.

304 1101 465 1144 Horum
495 1098 827 1141 animalculorum
858 1099 1051 1141 structura
1077 1099 1264 1153 respectu
1279 1095 1382 1140 alio*

249 1185 334 1213 rum
377 1170 606 1211 animalium
648 1169 864 1217 structurae
921 1168 1266 1222 imperfectisfima
1306 1177 1381 1215 est,

248 1242 434 1283 Breviter
458 1240 506 1280 dc
537 1240 609 1280 hac
637 1239 857 1282 videamus.

307 1312 455 1365 Capite
500 1309 790 1358 dcl‘titunntnr‚
839 1310 863 1350 fi
903 1309 956 1350 sc.
1000 1322 1093 1364 cnm
1131 1307 1243 1350 Clar.
1289 1307 1384 1351 La,

250 1382 436 1423 marck
474 1379 576 1434 (Ι),
624 1393 746 1433 caput
791 1392 984 1420 vocamus
1038 1378 1148 1418 illam
1197 1378 1383 1431 corporis

248 1463 432 1505 partem,
476 1463 578 1502 quae
609 1450 819 1490 cerebrum
851 1461 971 1502 atque
1013 1448 1192 1488 sensuum
1235 1459 1385 1502 organa

248 1522 464 1569 continct3
498 1532 588 1572 pars
615 1532 747 1559 autem
787 1518 995 1567 distincta,
1038 1530 1117 1571 qua
1155 1518 1385 1558 nutriuntur

249 1598 318 1631 aut
345 1602 445 1643 quae
471 1588 675 1629 nobiliora
703 1588 752 1628 ad
779 1587 960 1628 animalis
989 1587 1273 1628 oeconomiam
1293 1598 1385 1640 per-

252 1660 446 1707 tinentia,
479 1659 518 1697 in
547 1658 585 1698 se
611 1659 823 1706 continet,
857 1659 896 1697 in
925 1656 1132 1698 nonnullis
1157 1655 1293 1710 adesd,
1324 1656 1384 1698 uti

251 1732 293 1771 in
321 1729 488 1771 Taenia
518 1727 656 1775 Solio,
688 1727 888 1781 al'iisquet,
919 1729 960 1768 in
988 1727 1078 1768 aliis
1106 1738 1189 1766 non
1221 1726 1277 1766 ita
1306 1726 1386 1766 dis·

251 1802 378 1841 tinctc
409 1799 569 1853 quidem
588 1828 601 1845 ‚
633 1797 701 1838 sed
731 1799 981 1839 accuratiore
1008 1798 1190 1837 examine
1217 1797 1388 1837 omnino

252 1870 483 1926 detegitur,
515 1870 652 1923 prouti
682 1870 722 1908 in
749 1867 991 1910 Distomczte
1021 1865 1246 1920 Hepatico.
1312 1865 1388 1910 Illa

247 1941 328 1996 jam
368 1953 458 1994 pars
498 1939 699 1987 anterior,
746 1949 865 1990 quam
907 1950 1028 1990 caput
1065 1949 1196 1978 tamen
1219 1937 1386 1978 vocabi-

1267 2018 1385 2055 mus,

297 2096 360 2143 (ι)
383 2098 458 2132 Vid.
485 2099 556 2141 ejus
584 2099 723 2132 Ilfstoire
739 2097 911 2132 Num-elle
926 2098 978 2132 des
997 2098 1165 2132 Animaux
1179 2095 1255 2140 fims
1281 2088 1403 2130 verte-⁶

247 2151 342 2198 sbi-es,
366 2157 462 2191 Tom.
482 2158 542 2192 111.
563 2167 634 2200 pag.
663 2164 737 2199 135.
