1519 2729
524 115 748 172 (31)

76 255 178 296 suam
207 254 356 295 ducunt
383 254 594 307 originem.
653 252 860 294 Praeterea
889 253 928 295 in
950 264 1000 293 eo
1030 254 1183 297 Adan-

74 324 256 365 sonius'
283 335 524 377 magnopere
561 322 776 363 laudandus
804 333 893 372 est,
939 324 1050 376 quod
1093 327 1182 366 nul-

72 393 134 434 lus
162 394 326 434 omnino
368 392 484 432 labor
521 393 590 444 ipfi
631 393 748 432 nimis
788 404 981 447 magnus,
1027 394 1182 436 nullum

72 475 176 516 opus
216 463 286 515 ipfi
330 463 447 502 nimis
487 461 647 503 difficile
687 461 923 510 videbatur,
967 462 1045 514 qua
1074 463 1185 503 inde-

71 532 170 573 fessa
197 532 419 573 assiduitate
446 532 562 587 plura
591 531 785 586 praestare
827 531 991 583 potuit,
1038 533 1186 585 quibus

71 603 190 656 ipfius
217 601 363 655 scripta
389 604 603 644 etiamnum
629 601 737 643 lectu
766 601 854 642 sunt
882 600 1121 655 dignissima.

127 671 302 712 Plurima
357 685 526 726 genera,
578 685 622 714 ut
677 671 938 720 ceramium,
975 668 1185 725 scolopen-

71 741 240 791 drimn,
265 740 413 796 sellia,
458 743 610 796 tolpem
639 742 794 795 aliaque
837 752 947 781 recte
987 741 1184 782 condidit.

71 810 219 851 Omnia
260 823 420 860 autem,
463 813 575 865 quod
615 824 735 851 nemo
777 809 929 850 inficias
957 810 1060 860 ibit,
1105 822 1185 851 tam

70 881 173 921 bene
228 892 269 920 et
319 883 516 922 concinne
559 881 772 934 exposuit,
817 891 861 920 ut
903 881 1056 921 minora
1099 882 1186 935 ejus

69 950 267 1002 opuscula
283 981 295 1000 ‚
327 951 520 1004 majorum
545 952 594 992 ad
621 950 736 989 instar
760 948 1010 989 voluminum
1027 980 1040 1000 ,
1079 951 1182 991 mul-

70 1030 107 1060 ta
133 1019 181 1060 ad
208 1032 326 1060 veros
354 1019 570 1062 Botanices
599 1018 832 1074 progressus
862 1018 1121 1060 contulerint.

533 1160 557 1214 ς
588 1158 742 1201 XXIV.

125 1299 260 1341 Etiam
287 1301 327 1340 in
355 1299 586 1342 borealibus
615 1298 807 1354 Europae
843 1298 1078 1354 regionibus
1103 1311 1186 1341 me-

71 1371 216 1412 thodus
241 1370 428 1411 naturalis
457 1371 546 1411 suos
586 1370 727 1411 habuit
767 1370 944 1411 fautores
985 1369 1181 1409 cultores-

70 1453 161 1494 que.
220 1440 754 1496 PostquamGeorgius
785 1440 1182 1492 Christophoa

68 1522 162 1551 rus
193 1509 374 1552 Oeder
401 1511 480 1565 jam
512 1510 765 1564 Gottingae,
811 1523 958 1565 magno
995 1508 1184 1550 Halie-

70 1593 130 1620 ro
170 1580 300 1629 duce,
356 1582 398 1620 iu
432 1580 567 1622 studiis
613 1580 829 1621 Botaniccs
872 1580 989 1634 plura
1027 1578 1187 1634 praesti-

71 1662 200 1698 terat,
245 1648 444 1691 Haffniam
487 1648 695 1691 Professor
734 1661 933 1701 vocatus,
962 1650 1069 1692 suam
1102 1662 1185 1690 mc-

70 1719 239 1759 thodum
266 1720 306 1758 iu
334 1719 545 1772 publicum
570 1720 742 1773 protulit
772 1719 867 1774 (1).

128 1787 461 1841 Οτάἰηεε,ηυοε
491 1789 722 1839 constituit,
754 1790 796 1831 hi
825 1790 941 1830 sunt:

182 1857 214 1899 1.
275 1857 893 1909 Cryptanthera.

336 1935 364 1959 1.
388 1925 618 1961 Filmnentosae
645 1935 680 1960 et
709 1927 922 1961 Crustaceae.

333 1991 348 2006 o
400 1981 412 2002 ἲ

331 2005 365 2016 ⁴.
387 1981 502 2025 lund·
1022 2037 1054 2070 3.
1077 2026 1186 2063 Musei

112 2125 174 2172 (1)
195 2127 361 2164 Elementa
383 2128 548 2179 Botqznices
561 2153 573 2171 ‚
599 2128 745 2165 Iiaffniae
772 2131 856 2176 1764
871 2151 885 2158 -
903 2130 997 2175 1768.
