1519 2729
528 111 748 194 (73)

89 275 171 318 sum
215 277 401 317 intestina
426 285 464 316 v.
495 281 539 316 c.‘
570 279 797 329 pertinent,
842 275 992 318 diversa
1032 274 1203 329 produci

88 347 271 388 animalia
296 347 346 387 ab
389 345 525 386 eadem
566 359 698 388 autem
729 348 919 396 materie,
964 359 1100 387 verum
1124 346 1204 386 hoc

90 416 210 457 facile
230 416 482 468 explicatur,
514 414 606 456 dum
636 413 814 470 Ascaris
843 417 1140 457 vermicularis
1167 425 1208 454 et

91 485 129 526 T
125 485 442 539 richoceplmlus
469 485 617 538 dispar
643 486 681 524 in
706 485 821 537 piane
851 486 1008 527 diversis
1027 485 1206 538 partibus

91 557 294 604 oriantur,
337 566 376 594 et
414 552 451 593 T
448 555 576 595 mnia
617 553 774 594 Solium
810 566 928 606 atque
968 553 1210 595 Borlzrioce-

85 625 243 680 plzalzts
274 626 388 665 latus
416 636 616 676 nunquam
642 625 681 662 in
710 625 849 665 iisdem
879 624 1108 664 hominibus
1135 623 1208 663 ob-

92 695 306 735 serventur.
379 693 505 748 Igitur
546 694 823 734 tantummodo
851 693 1033 747 objectIo
1061 692 1211 733 valeret

93 765 141 806 de
181 761 391 819 Afcmide
430 763 728 811 lmnbricoikle,
773 775 813 803 et
863 774 930 803 aut
970 759 1212 801 Bothrioce-

86 831 218 887 plmlo
260 833 345 875 lato
374 843 441 872 aut
471 831 645 875 Taenia
686 833 822 882 Solio,
868 844 968 886 quae
1009 843 1144 871 revera
1171 831 1212 868 in

94 903 235 942 iisdem
260 901 364 940 Iocis
404 901 688 952 observantur,
731 914 922 955 quantum
956 912 1087 941 autem
1127 898 1212 939 scio

94 985 134 1013 et
174 973 303 1024 reperi
344 984 545 1024 nunquam
589 973 628 1011 in
657 972 796 1013 iisdem
829 971 1060 1012 hominibus
1090 967 1211 1010 semel

95 1041 313 1094 fimulque,
343 1040 525 1093 adeoque
552 1041 650 1083 haec
674 1040 775 1082 nihil
804 1051 942 1082 contra
967 1039 1215 1093 propositam

97 1112 290 1154 theoriam
316 1110 504 1164 probant.

590 1252 614 1305 §
645 1250 716 1292 LI.

157 1391 289 1433 Semel
317 1392 514 1446 producta
542 1393 567 1433 fi
607 1390 695 1432 sunt
736 1389 953 1437 ΕῐποΖοΞὶ,
998 1387 1218 1442 adjuvanti-

100 1462 174 1503 bus
213 1475 345 1502 rerum
386 1461 716 1510 circumstantiis,
760 1459 953 1501 facillime
994 1469 1218 1511 propagan-

101 1543 176 1571 tur.
250 1531 294 1571 In
333 1532 601 1573 describendis
641 1532 746 1571 enim
785 1529 988 1571 vermibus
1019 1527 1219 1572 vidimus,

101 1600 195 1640 sexu
220 1600 304 1640 esse
331 1601 572 1648 distinct053
617 1600 861 1653 copulantur
887 1600 1035 1653 igitur,
1081 1607 1120 1635 et
1160 1595 1219 1635 fe-

101 1671 207 1709 mina
235 1668 407 1721 plurima
440 1682 514 1708 ova
542 1671 659 1721 ponit
686 1680 752 1709 aut
782 1669 915 1708 foetus
941 1667 1046 1720 parit
1063 1695 1076 1714 ,
1118 1676 1221 1717 quae

101 1740 141 1779 in
173 1740 369 1778 intestinis
396 1738 514 1778 facile
542 1741 760 1780 retinentur
785 1741 888 1778 inter
902 1735 1077 1778 valvulas
1105 1734 1220 1776 Ker-

103 1809 443 1863 kringianas
472 1819 511 1847 et
548 1807 1124 1853 Lieberkunhianas‚
1169 1816 1219 1843 eo

102 1876 261 1917 facilius
290 1889 420 1918 autem
438 1907 451 1926 ‚
492 1890 575 1930 quo
603 1880 728 1933 magis
758 1890 875 1920 tenax
914 1878 1058 1929 pituita
1084 1874 1222 1914 ‘abun-

102 1946 195 1995 dat‚
237 1946 452 1987 reticulum
481 1948 586 1999 quasi
613 1946 818 1995 formans,
863 1947 903 1986 in
932 1945 1100 1999 reliquis
1124 1956 1223 1984 vero

103 2018 282 2070 partibus
310 2017 443 2057 caussa
478 2017 527 2056 ad
555 2029 599 2056 ea
627 2015 864 2070 depellenda
892 2017 958 2056 vix
983 2016 1118 2064 adest,
1162 2015 1224 2055 uti

101 2088 141 2126 in
183 2086 414 2140 Cysticerco
457 2084 675 2141 cellulosae
692 2117 704 2136 ‚
749 2085 1020 2127 Haemularia
1037 2082 1224 2140 subcom-

98 2154 273 2212 pressa,
304 2155 545 2198 Dlstomate
572 2155 788 2210 hepatico,
819 2155 1002 2209 aliisque.
