1519 2729
706 107 925 164 (56)

250 244 383 286 lorum
398 277 410 297 ‚
443 247 654 288 ovulorum
668 247 716 288 ab
743 245 821 293 Tillo
838 247 1035 290 dictorum
1052 279 1064 297 ‚
1096 250 1136 288 in
1160 250 1248 290 ae're
1270 250 1372 291 voli-

251 316 416 356 tantium
445 329 664 357 numerum.
741 317 833 358 Fuit
880 331 969 358 cum
1008 307 1260 371 paucissimis*
1284 320 1371 360 aliis

250 383 357 424 solus
402 384 490 425 talis
518 385 775 437 observator,
821 389 939 428 inter·
963 401 1064 441 quos
1102 389 1220 432 etiam
1263 399 1370 430 von

251 452 317 494 Gl
334 454 379 492 ei
398 453 533 494 chen
575 468 798 499 numerare·
822 457 1040 505 debemus,
1087 458 1153 510 qui
1196 459 1235 497 in
1277 459 1368 500 asmi

249 521 396 562 semine
423 525 611 576 parvulos
637 527 764 568 afinos
792 528 892 568 vidit
919 540 953 568 e.
976 528 1012 567 ·s.
1044 540 1113 579 με,
1152 526 1367 567 dolendum

247 594 414 633 omnino
445 594 725 643 instrumenta,
757 597 903 649 quibus
932 596 1238 636 observaverunt
1276 596 1386 640 talia.

246 673 326 702 non
357 662 528 715 amplius
558 666 755 716 existere,
786 667 814 708 fi
845 678 1017 719 unquam
1047 664 1277 706 exstiterint.

303 730 403 771 Ilum.
437 730 509 770 Illa
550 734 589 772 in
621 736 711 775 aere
741 736 910 776 volitare
937 737 1004 777 vix
1035 733 1143 775 credi
1168 734 1365 786 passum,

242 810 370 851 neque
401 801 479 842 hoc
508 803 720 854 probatum
750 817 838 855 estz,
881 800 1046 846 namea
1087 804 1248 858 quidem
1291 805 1365 845 ob-

246 868 413 910 servasse
438 871 539 912 dixit
563 875 602 914 in
632 887 849 927 corporum
878 874 1116 928 superficie,
1161 873 1227 914 sed
1264 887 1364 915 nun-

243 952 360 991 quam
389 942 428 981 in
456 944 546 982 aere
573 944 802 995 volitantia,
833 957 963 998 neque
991 945 1070 985 hoc
1099 945 1364 997 microscopii

242 1022 321 1062 ope
344 1013 513 1062 ,potuitg
545 1015 754 1064 quomodo
780 1017 884 1055 enim
902 1045 914 1063 ‚
961 1013 1108 1067 quaeso
1125 1044 1137 1062 ‚
1182 1014 1363 1055 molocu-

240 1079 303 1119 lae
341 1080 458 1134 hujus
499 1082 744 1124 instrumenti
784 1085 934 1125 auxilio
978 1084 1087 1125 simul
1129 1097 1220 1124 cum
1244 1086 1361 1133 aere,

239 1150 415 1189 minimis
446 1150 543 1192 licet
570 1155 748 1194 motibus
761 1180 782 1203 φ
801 1168 822 1194 e
850 1155 947 1195 loco
978 1155 1048 1194 suo
1073 1155 1277 1204 dimotae,
1308 1155 1362 1194 ita

240 1219 441 1260 observari
468 1222 657 1275 possent,
689 1237 732 1265 ut
760 1224 914 1266 illarum
940 1224 1091 1279 figura,
1125 1224 1360 1265 constitutio

238 1289 477 1343 habitusque
530 1305 719 1334 externus
773 1294 1024 1334 determinari
1065 1294 1199 1346 posset
1230 1293 1357 1343 adeo,

233 1369 304 1407 nt,
336 1361 405 1400 nifi
430 1362 641 1403 accederet
666 1364 835 1406 studium
866 1378 1011 1405 novam
1040 1363 1254 1405 condiendi
1284 1364 1357 1414 hy-

234 1429 447 1481 pothefin‚
494 1433 612 1473 ovula
644 1434 817 1475 dilucide
846 1446 1080 1487 apparerent
1111 1433 1356 1473 observatori

233 1499 461 1540 animalium
488 1503 647 1552 prorsus
676 1505 992 1559 incognitorum.

290 1567 413 1610 Illum.
457 1569 530 1611 Illa
560 1572 684 1625 igitur
710 1573 857 1622 ovula,
904 1575 929 1614 fi
968 1572 1134 1620 adsunt,
1181 1571 1355 1612 diversae

231 1638 314 1678 esse
341 1650 500 1680 naturae
527 1653 603 1693 pro
631 1641 816 1690 diverfis‚
848 1655 948 1696 quae
969 1642 1225 1696 producunt,
1271 1642 1352 1681 ani-

230 1708 426 1758 malibus,
470 1711 570 1751 sanis
603 1711 702 1752 ideis
729 1723 954 1766 repugnat;
999 1723 1125 1764 quot,
1170 1722 1209 1751 et
1234 1724 1352 1764 quae-

227 1790 318 1818 nam
351 1791 432 1819 tum
450 1781 582 1822 adesse
600 1782 818 1823 deberent?
849 1783 940 1822 dum
956 1796 993 1822 v.
1012 1797 1048 1823 c.
1066 1783 1104 1821 in
1122 1794 1203 1821 uno
1232 1780 1321 1820 vase
1336 1810 1349 1829 ‚

226 1861 326 1901 aqua
354 1850 540 1902 repleto,
572 1854 735 1905 aerique
752 1854 961 1906 exposito,
993 1852 1188 1891 interdum
1214 1849 1349 1890 obser-

223 1932 359 1959 vamus
377 1950 388 1968 ‚
437 1922 540 1961 inter
568 1923 899 1973 nychthemerum
930 1933 1015 1962 orta
1042 1921 1160 1962 fuisse
1187 1919 1346 1960 millena

223 1988 314 2028 talia
343 1991 525 2031 animalia
544 2022 556 2041 ‚
603 2004 705 2045 quae
735 2005 851 2046 quam
881 1993 1052 2032 maxime
1083 1990 1268 2032 differunt
1295 1989 1344 2028 ab

222 2057 309 2097 aliis
337 2060 613 2109 animalculis,
645 2064 683 2102 in
702 2063 829 2102 altero
860 2061 946 2102 vase
971 2061 1081 2115 juxta
1105 2061 1212 2113 prius
1239 2060 1344 2112 posi·

220 2141 284 2178 to,
301 2128 458 2182 liquore
471 2131 519 2170 ab
534 2132 847 2185 aquapaululum
865 2131 1020 2171 diverso
1035 2130 1190 2184 repleto
1201 2160 1213 2177 ,
1231 2131 1340 2175 ort-is,

291 2211 293 2213 ·
1212 2198 1336 2239 lvmi-
