1519 2729
653 162 877 226 (44)

200 297 315 347 novit
344 305 427 348 esse
454 319 528 360 per
557 306 746 349 summam
776 309 997 363 nuperrimi
1031 306 1225 349 Rectoris
1261 314 1330 350 aed

201 390 408 441 q‘uitatem.
440 412 482 421 -
518 387 599 428 Sed
635 389 732 443 quid
771 403 875 444 opus
915 402 976 430 est
1010 391 1188 430 externis
1217 390 1329 430 testi-

200 471 375 519 moniis,
430 471 499 512 etfi
551 470 1004 514 honorificentisfimis?
1059 471 1162 512 Sunt
1207 471 1329 512 nobis'

199 551 428 605 permulta,
472 550 561 592 sunt
611 564 804 605 perquam
848 552 1054 594 luculenta
1098 552 1330 592 testimonia

198 624 447 674 domestica!
478 631 545 673 Ne
572 633 678 673 enim
707 645 866 674 nostrae
895 628 1114 675 memorem
1144 633 1330 673 alumnos

196 713 468 762 Academiae,
527 715 765 756 nominatim
823 715 1015 769 deinceps
1058 714 1246 756 laudibus
1287 716 1332 754 irt

199 798 419 837 certamine
447 796 646 836 litterario
679 797 804 850 partis
834 797 1063 838 ornandos:
1109 784 1353 852 quantamj'

195 888 317 929 quam
364 877 680 930 praedicabilem
727 880 809 919 vim
865 879 1046 920 universe
1090 880 1132 919 in
1165 889 1331 919 nostros

197 957 423 1011 discipulos
445 960 589 1000 habeat
618 959 787 1001 studium
825 959 1024 1009 honoris,
1069 970 1110 1000 et
1135 972 1210 1000 vos
1241 971 1330 1000 om-

195 1050 268 1078 nes
305 1041 504 1090 novistiS,
548 1040 747 1095 Collegae
790 1040 1141 1094 conjunctigfimi,
1177 1051 1219 1080 et
1249 1051 1330 1095 ego

196 1123 399 1170 maxime,
431 1133 521 1163 toto
546 1122 649 1171 illo,
680 1135 765 1176 quo
794 1121 988 1163 Rectoris
1009 1121 1223 1174 personam
1237 1133 1330 1176 ges-

195 1202 252 1248 fi,
295 1212 508 1255 tempore,
554 1216 647 1244 cum
689 1205 942 1244 increscente
968 1203 1152 1255 quotidie
1179 1202 1329 1257 volup-

197 1296 276 1325 tate
304 1286 484 1338 percepi.
559 1283 694 1341 Quam
735 1286 775 1324 in
817 1295 902 1324 rem
942 1296 1025 1324 non
1052 1285 1134 1326 hoc
1161 1285 1327 1338 quidem

197 1365 431 1407 documenti
461 1366 578 1406 instar
608 1366 841 1419 proferam,
873 1366 1014 1420 quod,
1058 1367 1152 1407 dum
1176 1366 1328 1408 summa

195 1435 293 1488 erat*
307 1450 515 1500 proximae
543 1449 699 1500 hyemis
726 1446 954 1499 violentia,
986 1449 1151 1502 plurimi
1183 1449 1327 1503 sponte

197 1530 263 1570 sua
303 1541 343 1570 et
383 1530 525 1584 insigni
565 1543 656 1571 cum
696 1528 903 1570 alacritate
944 1530 1050 1571 haud
1100 1544 1240 1583 parum
1277 1528 1330 1570 ad

197 1611 464 1652 sublevandos
504 1622 668 1667 egentes
698 1611 973 1653 contulerunt.
1061 1611 1176 1654 Haec
1209 1612 1327 1653 nimi-

197 1708 283 1735 rum
312 1695 513 1749 juventuti
544 1693 814 1738 Academicae
845 1695 1020 1744 decora,
1065 1708 1141 1736 nec
1169 1695 1329 1736 filentio

197 1777 297 1818 mihi
324 1777 636 1830 praetereunda,
665 1775 1032 1818 benevolentissimi
1060 1778 1183 1818 animi
1205 1790 1328 1832 gene-

197 1860 334 1900 rosstas
361 1872 424 1899 me
450 1860 656 1899 hominem
680 1859 807 1913 magis
839 1857 1050 1908 delinivit,
1082 1871 1200 1912 quam
1222 1859 1329 1902 Aca-

198 1939 351 1980 demiae
389 1924 605 1982 rectoremss
637 1923 644 1930 α
693 1939 800 1981 Illud
841 1941 966 1994 igitur
1005 1940 1151 1988 unice,
1196 1940 1328 1992 illud,

199 2023 390 2074 inquam,
422 2023 643 2075 praedico,
687 2021 800 2074 quod
836 2033 1093 2074 quacumque
1133 2021 1211 2062 five
1249 2035 1329 2076 pue

199 2103 308 2144 blica
360 2104 438 2144 five
493 2105 644 2156 privata
685 2103 1018 2156 opportunitate,
1061 2113 1111 2142 ex
1153 2103 1329 2158 ipsisque

198 2184 319 2225 etiam
338 2214 350 2235 ‚
396 2195 592 2238 quatenus
620 2184 670 2225 ad
697 2195 873 2226 nostram
913 2183 1098 2225 notitiam
1134 2196 1329 2238 pervene-

1254 2279 1330 2318 re,
