1519 2729
563 152 784 209 (6r)

115 290 286 349 probatu
304 292 403 333 esset
433 303 599 346 propter
613 294 845 341 minimam,
878 291 902 332 fi
932 289 1077 339 ullam,
1104 301 1227 344 quam

114 376 227 417 pater
270 376 359 403 cum
386 362 497 402 foetu
532 373 626 412 aut,
669 375 713 403 ut
750 364 898 403 rectius
937 361 1096 409 dicam,
1141 373 1233 400 cum

112 433 334 484 embryone
359 431 455 479 alit,
481 434 904 472 communicationem.
966 430 1143 471 Facilius
1158 429 1234 484 igi-

114 503 178 542 tur
216 502 256 540 in
295 511 417 540 matre
448 512 671 553 quaeretur.

171 569 273 610 1V0.
306 569 386 609 Sed
412 568 620 621 quomodo
646 584 670 610 a
704 581 882 611 materno
922 581 1095 622 corpore
1132 580 1226 608 cum

112 639 226 680 foetu
257 640 639 681 communicantur?
669 653 716 679 an
749 640 819 680 sub
851 639 1139 691 conceptionis
1163 649 1236 689 pe-

111 710 261 750 riodo?
292 709 432 762 Aeque
456 709 615 750 difficile
631 709 738 750 foret
752 710 833 750 hoc
857 707 1081 765 assumere,
1109 719 1230 761 quam

110 781 139 822 fi
164 793 188 821 a
216 791 326 833 patre
357 781 628 832 provenirent.

169 849 280 891 Num
309 863 381 902 per
406 849 630 892 funiculum
657 847 966 890 umbilicalem?
1010 846 1124 887 nullo
1147 858 1235 886 mo-

69 973 73 978 .
109 919 188 961 do:
219 932 308 959 nam
338 931 420 960 tum
449 921 651 960 innumera
679 918 827 968 ovula,
870 919 939 957 vix
968 917 1087 957 nobis
1128 914 1233 955 assu-

109 988 278 1038 menda,
335 990 592 1041 transportari
633 989 854 1036 deberent;
898 998 1090 1040 quomam
1122 987 1232 1024 enim

110 1071 265 1100 vermes
305 1060 344 1098 in
388 1058 547 1099 diverfis
587 1058 776 1111 corporis
816 1056 921 1097 locis
949 1054 1234 1095 inveniuntur?

112 1128 327 1169 secundum
373 1140 469 1167 vero
512 1127 620 1168 illam
651 1128 881 1168 sententiam
919 1126 1044 1179 magis
1070 1126 1112 1164 in
1139 1124 1237 1164 vaus

112 1197 344 1252 sanguiferis
383 1199 477 1237 oriri
519 1198 739 1246 deberent,
793 1195 907 1249 cujus
944 1195 1109 1235 unicum
1151 1205 1236 1234 tan-

113 1267 324 1308 tummodo
354 1267 478 1307 exstat
505 1267 753 1321 exemplum.

168 1333 249 1377 V0.
282 1338 398 1376 Anne
427 1350 499 1389 per
525 1337 647 1378 ubera
671 1337 808 1378 matris
829 1346 1014 1376 recenter
1039 1334 1142 1374 natis
1159 1344 1236 1373 rra·

112 1407 285 1448 duntur?
317 1419 399 1447 tum
427 1421 448 1447 a
472 1407 657 1462 sanguine
674 1437 687 1456 ‚
721 1408 789 1460 qui
820 1405 1042 1446 rudimenta
1055 1405 1236 1444 omnium

111 1479 305 1518 vermium
336 1478 376 1517 in
412 1477 451 1517 se
481 1478 735 1526 contineret,
769 1475 1015 1515 traderentur
1043 1473 1234 1521 humori,

112 1548 162 1588 ab
191 1561 241 1588 eo
276 1547 437 1600 quidem
472 1546 658 1594 secreto,
704 1557 877 1587 attamen
914 1543 1028 1584 valde
1071 1543 1120 1583 ab
1160 1542 1237 1583 fflo

113 1616 297 1666 divers03
353 1628 433 1654 non
470 1614 590 1655 facile
631 1617 816 1668 probatu.
906 1613 987 1653 Sed
1025 1611 1237 1665 quomodo

111 1689 231 1728 etiam
262 1697 355 1727 tunc
386 1684 549 1725 illorum
587 1684 812 1737 explicatur
851 1683 968 1736 origo
994 1682 1034 1720 in
1062 1681 1236 1730 avibus,

113 1756 354 1809 reptilibus,
399 1753 584 1802 lacertis,
627 1753 833 1806 piscibus,
889 1751 1112 1803 ceterisque
1155 1753 1237 1792 ani·

116 1826 284 1868 malibus
322 1836 404 1864 non
434 1823 692 1878 sugentibus,
722 1834 761 1863 et
788 1824 827 1862 in
854 1821 967 1862 foetu
998 1818 1123 1872 ipso?
1150 1830 1182 1838 ·‘

170 1895 266 1936 V10.
298 1893 477 1934 Tandem
518 1893 612 1934 huic
644 1894 828 1947 opinioni
856 1890 1010 1932 obstant
1035 1892 1233 1933 vermium

113 1965 388 2018 viviparorum
410 1961 592 2016 exempla
610 1994 622 2012 ‚
656 1965 726 2006 nisi
767 1973 808 2002 et
833 1961 1000 2013 vivipari
1029 1971 1070 2000 et
1096 1961 1234 2013 ovipa-

112 2037 145 2076 ri
176 2033 287 2076 fimul
315 2033 472 2083 essent,
504 2033 616 2087 quod
637 2046 659 2074 a
686 2033 845 2075 nemine
874 2030 953 2072 huc
976 2041 1100 2084 usque
1130 2030 1229 2072 faci-

113 2106 152 2147 le
180 2105 349 2147 dicetur.

1024 2241 1047 2293 ς
1078 2238 1229 2301 XLIV.
