1519 2729
597 192 819 250 (53)

1115 253 1131 262 s

139 320 358 376 jucundior
387 337 448 366 est
474 330 745 390 pzti·s·officii⁷
778 333 889 399 quod
920 335 1021 378 mihi
1052 350 1194 395 magna
1216 343 1273 384 in·

136 403 272 460 jungit
302 406 420 462 hujus
451 409 530 450 diei
561 411 790 469 solennitas.
879 415 1059 461 Praemia
1090 434 1130 462 et
1159 437 1276 476 prae-

140 488 230 527 miis
271 491 456 541 proxima
500 492 668 536 honoris
714 497 958 541 documenta
995 515 1017 542 a
1048 516 1111 544 me
1141 506 1277 547 distri-

139 569 296 612 buenda
327 573 566 627 fignificari,
598 591 699 628 vos,
718 593 939 637 ⁴quotquot
970 585 1148 638 adestis,
1180 589 1276 631 laeti

137 652 395 709 intelligitis:,
441 670 514 699 vos
556 662 820 714 praesertim,
868 669 1105 710 ornatisfimi
1158 671 1274 726 juve-

134 745 235 785 nes,
285 740 615 791 quos-destinati
651 746 771 787 vobis
802 747 971 791 honoris
1000 752 1168 806 publice
1199 755 1274 796 ob·

136 818 289 861 tinendi
321 833 430 863 tenet
460 825 734 878 impatientia!

497 948 921 969 *-

189 1061 534 1121 Quandoquidem
564 1074 689 1129 igitur
719 1079 925 1122 constituti
955 1082 997 1122 in
1043 1081 1117 1124 hac
1162 1082 1269 1126 Aca-

130 1144 262 1190 demia
293 1149 485 1194 doctores
517 1161 825 1209 quaestionibus
867 1164 917 1205 ad
961 1165 1269 1220 disceptandum

127 1233 348 1284 propositis
380 1240 748 1284 commendabilem
780 1245 947 1288 honoris
969 1250 1196 1302 appetitum
1227 1252 1271 1291 in

128 1314 267 1354 animo
298 1319 477 1360 excitare
510 1324 731 1376 cupiebant
763 1341 857 1369 cum
888 1318 1059 1382 eorum,
1092 1346 1195 1385 quos
1225 1334 1269 1374 in

126 1394 422 1451 discipulorum
456 1403 658 1447 habebant
686 1421 888 1462 numero,
935 1423 1019 1454 tum
1061 1413 1266 1466 aliorum,

124 1480 194 1532 qui
225 1481 266 1520 in
297 1482 374 1523 alia
405 1498 661 1543 quacumque
693 1492 964 1536 doctrinaram
1004 1497 1094 1538 sede
1137 1500 1267 1552 patria

124 1561 261 1604 studiis
294 1578 458 1619 operam
489 1571 714 1615 navabant:
747 1586 901 1618 tantum
932 1579 1085 1631 abfuit,
1117 1592 1161 1622 ut
1180 1582 1266 1637 jus-

123 1655 162 1684 ta
192 1646 257 1687 sua
289 1649 356 1701 spe
387 1652 650 1707 exciderent,
697 1670 741 1699 ut
785 1661 924 1712 potius
970 1662 1116 1704 multas
1154 1667 1265 1707 acci-

121 1740 265 1780 perent
308 1731 630 1789 disputationes,
677 1754 844 1795 quarum
876 1756 1064 1787 auctores
1095 1747 1265 1789 honori-

122 1809 204 1851 fico
259 1818 478 1858 certamine
534 1820 583 1861 de
628 1822 762 1876 palma
806 1828 1052 1871 contendere
1125 1833 1264 1873 conati

122 1891 238 1947 sunt,
281 1908 322 1936 et
362 1903 546 1952 verovita
578 1907 904 1959 contenderunt,
949 1923 994 1951 ut
1025 1913 1066 1952 in
1098 1914 1262 1969 singulis

121 1981 500 2022 concertationibus
543 1984 694 2028 fuerint
724 1991 794 2042 qui
825 1991 1046 2046 gloriosam
1076 2008 1260 2051 reporta-

119 2070 207 2099 rent
245 2062 474 2105 victoriam.
549 2066 626 2109 Est
668 2083 801 2113 autem
845 2075 885 2114 in
912 2076 1072 2130 judicio
1103 2079 1152 2120 de
1183 2081 1260 2123 ho-

117 2143 242 2183 nestis
287 2145 487 2199 ejusmodi
533 2156 908 2198 concertationibus
951 2159 1141 2220 faciendo
1184 2164 1258 2205 ali-

116 2224 218 2281 quid
246 2227 392 2282 ingrati
423 2243 469 2274 ae
503 2233 681 2277 molesti.
758 2237 1115 2292 Quemadmodum
1146 2249 1254 2289 enim

1181 2332 1254 2373 fin-
