1519 2729
553 137 811 196 (201)

123 301 125 303 ·
174 279 263 335 jam
300 289 397 322 vero
437 292 531 322 cum
559 280 687 321 virtus
716 291 789 332 per
815 277 854 320 se
881 286 943 317 est
971 273 1245 325 observanda,

121 364 214 393 cum
246 351 385 392 officiis
409 350 524 404 fungi
553 349 664 390 nefas
701 350 774 397 fit,
823 358 866 388 ut
909 345 1001 386 inde
1028 343 1246 385 utilitatem

121 422 353 475 perci-pias,
397 432 437 460 et
480 432 572 461 cum
607 419 674 461 sua
705 417 844 459 naturai
886 416 1064 457 officium
1088 414 1248 469 logicae

120 491 389 545 perfectionis
431 503 514 530 non
553 489 656 530 adeo
686 491 731 531 fit
759 501 914 541 caan‚
958 486 1135 539 sequitur
1166 496 1249 524 non

121 562 239 602 aliam
268 562 337 602 nifi
370 560 683 613 metaphysicam
710 559 1006 614 perfectionem
1030 557 1071 597 in
1099 567 1151 596 eo
1181 546 1252 607 ap·

119 638 258 685 parere
282 642 350 672 aut
381 633 491 672 cerni
516 630 634 684 posse
651 661 664 680 ‚
709 641 749 670 et
779 629 854 670 hac
882 627 1046 680 quidem
1085 625 1252 666 distinc-

121 702 232 741 tione
254 699 442 754 perfecti
468 713 508 741 et
537 698 778 755 imperfecti
792 695 1250 739 nititur-'denominatim

124 770 199 820 Id,
230 771 342 824 quod
367 771 522 824 semper
547 771 667 811 debet
693 769 802 820 ficri,
841 768 952 810 nulla
982 766 1071 826 data
1100 777 1250 818 excep-

123 842 261 890 tione,
294 838 468 894 officium
492 837 765 895 perfectum,
810 840 923 894 quod
947 850 1047 878 vero
1081 848 1173 877 cum
1200 835 1250 874 li·

122 912 332 952 miratione
366 910 539 963 quadam
563 911 758 964 jubetur,
790 912 845 950 ita
874 921 917 950 ut
945 920 1076 949 rerum
1092 917 1132 946 et
1149 917 1249 946 tem-

119 994 265 1035 porum
314 981 508 1022 habeatur
553 983 656 1022 ratio
674 1011 687 1031 ,
744 977 1038 1033 imperfectum
1075 973 1251 1031 officium

119 1053 267 1093 merito
305 1051 467 1093 dixeris.
538 1050 651 1093 Haec
681 1052 804 1106 igitur
830 1062 913 1089 non
943 1047 1047 1089 male
1072 1045 1250 1088 fortassis

127 1122 209 1165 dici
254 1122 420 1175 possent
463 1124 590 1165 officia
633 1119 948 1176 Hypotlzetica‚
1004 1117 1074 1159 illa
1114 1127 1249 1157 autem

122 1189 346 1246 Absoluta.
380 1193 627 1234 Absolutum
657 1193 764 1232 enim
794 1204 817 1231 a
843 1190 906 1231 Sc
924 1188 1099 1230 hmidi
1116 1200 1142 1227 o
1168 1183 1251 1238 (ι)

125 1274 235 1303 recte
264 1262 474 1302 definitur·
506 1291 535 1315 ‚‚
566 1264 610 1304 in
636 1263 750 1304 aller
779 1258 1030 1313 Bezielzzmg
1044 1288 1058 1306 .,
1104 1255 1254 1298 amin-

123 1350 166 1385 ,-,
179 1328 361 1386 gefe-hm:
355 1330 470 1382 “mut
495 1331 802 1387 stechterdlngs
831 1331 889 1372 im
916 1326 1155 1384 Gegenfcztz
1183 1326 1253 1366 des

123 1400 450 1455 „Bedirrgtetm
481 1399 886 1456 Eingesclzrc'inkten
922 1400 1007 1441 blas
1031 1406 1253 1454 compara-

122 1500 151 1523 5,
180 1472 292 1520 τὶν,
316 1471 416 1512 oder
455 1471 500 1512 in
528 1468 792 1526 besonderer
831 1465 1063 1521 Riickficht
1112 1468 1254 1511 Gu'lti-

121 1571 152 1594 κ
179 1541 273 1597 gen
280 1540 374 1594 (2
377 1543 417 1594 2·

638 1598 663 1664 §
693 1611 767 1652 ΠΙ.

134 1771 137 1773 -
167 1786 172 1791 ,
190 1748 277 1806 Quo
309 1751 420 1793 modo
448 1749 583 1806 officia
623 1749 878 1806 imperfecta
917 1752 1009 1806 lege
1040 1751 1199 1793 morali

554 1821 857 1864 continentur?

187 1962 407 2018 Quaeritur
448 1962 636 2011 interim,
679 1975 758 2016 qua
797 1963 953 2003 ratione
986 1961 1054 2002 lex
1094 1959 1259 2002 moralis'

131 2035 363 2088 categorico
415 2033 589 2087 jubens,
646 2034 687 2074 id
723 2034 987 2087 praecipere,
1033 2031 1075 2073 id
1113 2032 1258 2088 jubere

1160 2113 1258 2157 pos-

174 2178 240 2224 (1)
262 2179 424 2216 IMfl-terh.
450 2189 538 2214 voce
564 2179 712 2223 Abfialut.

176 2235 240 2282 (2)
263 2238 364 2274 Conf.
389 2237 409 2271 S
424 2246 442 2272 c
458 2237 479 2271 h
495 2238 547 2298 mi
563 2236 584 2272 d
600 2238 610 2271 i
626 2237 662 2278 i,
685 2237 718 2271 in
745 2246 832 2273 voce
858 2236 1002 2281 Pflicht,
1026 2247 1059 2282 p.
1082 2239 1161 2282 418.
