1519 2729
729 186 954 247 (ιο)

666 337 698 363 1⁵
722 327 882 363 Gramina.

680 377 696 420 ’.
719 386 918 419 Orchideae.

719 441 913 476 Oleraceae.

719 497 908 539 Legumina.

718 555 865 588 Arbores
890 562 925 587 et
946 552 1110 588 Frutices.
1132 583 1134 587 ,

718 611 857 646 Palmae.

662 675 696 710 7.
720 667 841 701 Musei.

343 719 456 764 Haec
492 721 774 775 clasfificatio,
816 726 874 766 uti
915 724 1280 765 Adansonius
1318 721 1401 778 (1)

288 805 492 848 autumat,
524 794 614 835 satis
645 796 751 837 bona
778 806 865 843 est,
910 795 1091 848 quamvis
1122 794 1310 835 arborum
1348 794 1399 834 ab

286 862 422 903 herbis
452 863 673 917 separatio,
705 866 745 905 in
775 865 853 919 quai
879 864 995 906 multi
1019 878 1110 906 eum
1138 864 1263 905 secuti
1289 864 1399 913 sunt,

284 943 326 972 et
351 945 493 985 parvus
524 933 704 974 classium
731 944 919 975 numerus
947 934 1041 976 huic
1069 934 1270 987 systemati
1285 946 1399 988 prae-

285 1002 417 1042 sertim
447 1003 548 1043 vitio
573 1005 673 1044 verti
699 1005 869 1057 posfint.

659 395 695 645 ev÷ww

763 1142 789 1196 ς
820 1142 914 1185 vn.

342 1276 503 1320 Ordine‘
526 1279 828 1336 chronologico
851 1281 1085 1336 sequeretur
1112 1281 1184 1324 C‘a
1199 1294 1221 1322 e
1237 1280 1311 1323 sal
1326 1294 1352 1335 p
1367 1281 1400 1321 i-

287 1348 342 1388 ni
374 1347 454 1402 (2)
469 1351 664 1402 systema,
697 1351 836 1405 quod,
868 1352 967 1393 licet
995 1354 1138 1393 merito
1164 1351 1401 1408 artificiale

282 1429 482 1468 vocetur,
528 1420 622 1461 ideo
653 1433 783 1462 tamen
806 1421 874 1463 hic
902 1423 1202 1463 memorandum
1230 1421 1314 1462 esse
1341 1422 1401 1463 vi-

283 1486 426 1538 detur,
458 1489 569 1542 quod
597 1491 637 1529 in
666 1490 891 1543 plantarum
912 1491 1194 1532 distributione
1221 1491 1271 1532 ad
1298 1490 1402 1531 radi-

284 1555 398 1597 culae
426 1559 479 1597 »in
516 1559 664 1599 semine
694 1559 810 1600 litum
846 1572 886 1601 et
927 1560 1218 1613 cotyledonum
1261 1572 1401 1601 nume-

282 1639 371 1668 rum
387 1628 571 1669 attendit.
615 1628 753 1684 Magis
768 1641 865 1671 vero
879 1630 1015 1671 nostra
1029 1630 1194 1672 interest
1210 1643 1327 1687 agere
1352 1630 1402 1688 cle

1318 1712 1402 1741 me-

327 1810 391 1857 (1)
425 1812 571 1848 Mich.
609 1812 864 1856 Adanson,
900 1814 1043 1848 Familles
1078 1814 1130 1848 des
1169 1815 1323 1856 Plantes,
1368 1815 1402 1848 in

281 1867 386 1908 praef.
413 1879 486 1911 pag.
505 1881 538 1912 9.
564 1871 566 1873 ’
584 1872 689 1905 Hicce
728 1872 757 1905 A
773 1871 793 1904 d
807 1882 824 1904 a
838 1882 858 1904 n
872 1873 923 1905 so
937 1882 956 1903 n
974 1871 1008 1904 ii
1049 1872 1134 1905 liber
1166 1872 1287 1906 merito
1310 1873 1403 1906 cele-

281 1923 344 1957 ber
368 1934 418 1959 est
433 1951 442 1966 ,
466 1927 611 1970 mihique
641 1930 795 1962 maxinme
821 1929 883 1965 suit
900 1928 1059 1962 utilitatis.

327 1978 390 2026 (2)
411 1983 463 2016 De
482 1985 630 2024 Psalmis,
655 1986 801 2021 Florent.
830 1989 926 2029 1583.
948 1987 1075 2021 Romae
1104 1987 1200 2027 1603.
1244 1983 1328 2020 Vide
1356 1984 1400 2018 dc

283 2037 354 2079 ejus
370 2040 530 2073 sententia
546 2041 640 2084 hujus
656 2043 766 2085 operis
791 2043 848 2077 lib.
863 2052 901 2086 15
917 2067 928 2083 ,
952 2043 1008 2077 ubi
1037 2043 1116 2077 dicit
1130 2050 1264 2076 auctor:
1286 2067 1309 2084 ‚‚
1325 2051 1401 2075 cum

283 2117 306 2136 ,‚
330 2094 428 2136 igitur
455 2098 586 2130 scientia
608 2100 710 2132 omnis
740 2100 770 2132 in
790 2100 938 2134 similium
966 2100 1168 2133 collectione
1199 2107 1233 2132 et
1267 2097 1400 2131 disfimi-

281 2173 306 2192 n
328 2160 383 2184 um
425 2152 633 2187 distinctione
671 2155 821 2190 consistat
844 2180 1059 2192 .......
1084 2164 1221 2191 conatus
1260 2154 1327 2191 sum
1367 2153 1400 2188 id

283 2230 305 2250 „
327 2206 489 2253 praestare
511 2210 543 2245 in
569 2212 721 2248 universa
741 2214 920 2258 plantarum
942 2212 1109 2251 historia?
