1519 2729
685 160 725 220 vs(
776 162 840 221 ‘74
890 160 923 220 ὃ

246 297 251 313 ³
292 296 345 346 1'1.
377 304 511 346 Prima
538 297 790 354 observatio,
822 317 899 357 qua
915 302 982 344 Cl.
1013 301 1357 360 Mong'etheo-
1391 291 1402 307 “

232 375 330 415 tiam
360 374 428 416 Cl.
456 374 527 415 Le
558 373 682 426 Roy
711 375 924 416 extendere
962 385 1129 414 conatus
1169 386 1259 423 est,
1301 374 1360 415 fa·

232 443 313 485 cile
353 443 608 498 explicatur,
652 445 800 486 etiamst
826 442 1037 485 dissolutio
1066 455 1148 483 non
1176 433 1361 485 admitta-

233 522 310 554 tn‘r.
371 514 467 556 Fuit
497 514 595 555 haec
621 514 871 564 observatio,
902 515 961 554 uti
988 514 1159 555 vidimus
1176 544 1188 563 ,
1216 527 1362 567 aquam

230 590 282 624 ex
311 584 401 624 aere
429 584 627 633 saturam,
671 585 863 637 campana
906 583 1088 632 inclus0‚
1119 585 1362 637 praecipita-

229 654 294 703 ri,
327 653 352 694 s1
384 666 462 707 ope
488 653 633 694 antliae
663 655 942 706 pneumaticae
969 664 1060 706 pars
1101 653 1222 707 hujus
1258 654 1363 694 aeris

230 734 255 776 e
282 723 476 777 campana
498 723 739 763 extrahatur.
800 722 959 776 Aquam
999 734 1135 762 autem
1178 735 1229 763 ex
1271 724 1364 764 acre

231 792 405 834 saturato
431 793 716 846 praecipitari,
748 791 942 833 diminuta
970 792 1266 845 temperatura,
1311 805 1363 835 ex

230 863 324 915 ipsis
354 872 465 915 patet
494 861 562 903 Cl.
591 861 665 902 Le
692 861 775 903 Ro
792 876 816 915 y
843 863 1158 915 experimentis:,
1187 862 1268 916 jam
1294 875 1365 903 ve.-

231 941 279 972 ro
321 944 412 985 pars
451 934 552 974 aeris
589 932 835 980 extrahitur,
878 933 946 973 aer
987 933 1109 987 igitur
1136 932 1206 986 qui
1234 944 1363 973 rema-

231 1012 330 1052 net,
376 1001 616 1043 elasticitate
660 1003 757 1052 sua,
803 1013 934 1042 totum
976 1001 1120 1055 implet
1162 1001 1362 1056 spatium,

229 1072 343 1126 quod
367 1084 481 1112 antea
509 1074 640 1113 omnis
668 1073 736 1113 ae‘r
764 1071 1031 1126 impleverat,
1077 1071 1266 1112 dilatatur
1298 1084 1362 1113 er-

227 1152 313 1196 go:‚
360 1143 384 1183 fi
416 1155 548 1183 autem
583 1143 799 1191 dilatatur,
845 1141 1070 1183 caloricum
1110 1140 1301 1182 absorbet
1339 1147 1362 1182 a

227 1212 476 1264 corporibus
508 1210 890 1266 circumjacentibus
907 1240 920 1260 ‚
951 1211 1113 1252 necesse
1136 1211 1361 1266 igiturest,

228 1273 273 1321 ut
313 1294 404 1334 pars
445 1293 571 1335 aquae
626 1281 948 1335 praecipitetur,
992 1281 1046 1322 ob
1095 1280 1361 1332 diminutam,

227 1361 552 1404 temperaturam.

284 1418 498 1475 Ingeniose
540 1422 629 1462 sane
672 1421 883 1475 distinguit
926 1419 1131 1474 duplicem
1165 1419 1358 1470 modum,

227 1501 311 1543 quo
336 1490 490 1543 liquida
517 1492 558 1531 in
586 1503 757 1545 vapores
794 1492 905 1532 abire
934 1490 1131 1544 possunt,
1162 1490 1365 1542 illumque·

225 1561 476 1613 comparavit
527 1573 620 1601 cum
663 1560 815 1612 modo,
860 1574 944 1614 quo
971 1560 1096 1601 solida
1125 1561 1165 1601 in
1205 1559 1361 1613 liquida

227 1641 444 1672 transeunt.
511 1629 625 1672 Haec
667 1642 800 1671 autem
841 1631 1050 1672 distinctio
1093 1630 1250 1671 admitti
1289 1642 1363 1670 ne-

225 1701 340 1752 quit,
372 1701 521 1741 etenim
548 1714 570 1740 e
597 1701 664 1742 Cl.
695 1701 915 1743 Dalton
946 1702 1263 1755 experimentis,
1293 1700 1359 1741 efi-

226 1770 317 1810 dem
346 1773 640 1826 temperatura,
677 1772 814 1813 eadem
844 1784 1040 1825 vaporum
1072 1772 1200 1812 oritur
1230 1782 1356 1824 quan-

226 1842 339 1891 titas,
372 1842 503 1896 spatio
534 1843 798 1884 determinato
826 1842 903 1882 five
932 1840 1054 1881 fuerit
1080 1854 1278 1890 vacuum,
1311 1841 1358 1882 fi-

222 1924 272 1953 ve
306 1914 396 1955 ae're
437 1913 791 1966 repletumyhoc
830 1922 913 1951 non
946 1911 1001 1951 ita
1029 1909 1168 1953 locum
1204 1911 1355 1960 habe-t,

224 1996 317 2024 cum
347 1983 428 2024 illis
457 1983 594 2025 solidis
624 1982 896 2037 corporibus,
928 1993 1059 2035 quae,
1089 1983 1251 2023 actione
1267 1981 1355 2022 flui-

223 2050 290 2102 di,
323 2054 363 2092 in
391 2053 587 2106 liquidum
614 2053 754 2095 statum
781 2054 946 2094 abeunt.

281 2122 510 2163 Distinctio
539 2125 642 2164 inter
666 2123 1001 2177 vaporisationem
1025 2134 1070 2162 ac
1099 2122 1353 2175 evaporatio·
1374 2161 1377 2165 ,

222 2206 314 2235 nem
353 2192 489 2243 valet,
536 2195 562 2236 fi
601 2194 897 2248 vaporisatione
938 2191 1048 2235 illam
1088 2191 1363 2246 intelligimus·

1283 2272 1350 2302 ac-
