1519 2729
571 157 598 217 (
662 171 739 214 173
796 155 825 210 )

652 285 762 349 §IL

492 433 764 478 FEDER
825 433 920 490 (ι).

193 572 312 629 Quae
329 586 424 615 mox
439 586 488 615 ex
521 573 557 615 E
574 575 600 615 b
618 587 640 615 e
655 588 674 616 r
689 575 715 616 h
731 587 752 615 a
768 588 786 616 r
800 575 850 615 di
880 575 1068 618 doctrina
1085 577 1266 619 confide-

135 647 310 686 ravimus
324 646 525 698 principia
539 674 551 693 ,
568 645 686 686 latius
702 658 747 685 ea
768 645 965 698 explicuit
983 646 1016 687 F
1033 660 1054 687 e
1069 647 1095 688 d
1111 660 1132 687 e
1150 662 1168 688 r
1185 663 1210 689 u
1232 662 1264 691 s,

135 714 238 764 Vis,
282 717 414 768 inquit
439 716 499 755 vir
524 714 722 764 summuS,
755 726 891 768 potest
926 716 1109 758 adhiberi
1143 720 1183 758 in
1214 720 1264 758 iis

135 786 289 826 casibus
318 786 389 826 ubi
419 798 492 838 per
517 798 603 825 eam
621 815 634 834 ,
665 798 716 826 ex
743 787 938 840 opinione
970 799 1135 837 nostra,
1180 801 1262 828 ma-

133 855 218 895 lum
257 858 298 895 in
339 856 419 896 hoc
461 867 651 896 terrarum
687 855 799 908 orbe,
829 857 1049 906 minuitur,
1094 870 1263 911 augetur

131 937 231 966 vero
286 925 453 971 bonum.
544 926 785 967 Acctiratius
839 937 973 967 autem
1016 927 1097 968 hoc
1140 927 1260 968 tradit

130 981 403 1049 principium&
448 996 592 1049 injuria
635 994 706 1043 fit,
750 1006 851 1047 quae
893 998 1108 1037 coactione
1137 1008 1177 1037 et
1217 999 1258 1037 vi

131 1074 268 1116 potest
295 1066 490 1117 reprimi,
529 1064 555 1104 fi
586 1064 687 1105 alter
715 1064 764 1104 ab
801 1064 930 1105 altero
966 1067 1104 1118 capit,
1149 1065 1262 1118 quod

131 1131 245 1174 suum
274 1145 349 1174 est.
410 1133 634 1175 Maximam
663 1147 762 1175 vero
790 1133 1062 1176 difficultatem
1082 1137 1258 1176 invenis·

130 1202 176 1243 se⁴
203 1204 274 1243 fibi
304 1204 410 1244 visus
439 1190 564 1244 est'F
582 1216 603 1244 e
623 1204 757 1245 deru
775 1218 792 1244 s
819 1206 859 1244 in
887 1217 967 1253 eo,
1001 1205 1114 1258 quod
1146 1206 1260 1247 casus

130 1274 309 1314 incidere
353 1274 552 1328 possunt,
595 1276 745 1328 quibus
786 1274 902 1314 alteri
945 1276 987 1314 τὸ
1033 1275 1147 1316 suum
1176 1288 1261 1316 non

129 1344 315 1397 eripere,
361 1344 508 1396 quibus
549 1344 734 1398 injuriam
764 1356 846 1384 non
875 1346 1160 1395 committere,
1199 1347 1260 1386 in-

127 1414 230 1468 juria
251 1426 325 1454 est.
386 1413 558 1455 Videtur
595 1427 695 1470 ergo
724 1427 805 1454 non
834 1413 970 1454 adesse
1003 1416 1077 1467 ipfi
1105 1415 1172 1457 lex
1204 1427 1260 1456 ta-

129 1484 180 1524 lis
196 1514 209 1534 ,
240 1497 342 1538 quae
363 1496 445 1524 non
471 1484 716 1537 aliquando,
748 1485 980 1539 gravissimo
1001 1484 1167 1525 instante
1197 1485 1255 1526 fa-

132 1565 202 1604 to,
241 1557 406 1608 impune
447 1554 604 1609 negligi
634 1555 788 1608 possit,
833 1565 874 1594 et
902 1554 1060 1595 debeat.
1134 1553 1257 1596 Licet

130 1626 237 1665 enim
267 1626 422 1666 homini
440 1625 614 1666 alienum
640 1625 712 1664 fibi
737 1625 915 1674 sumere,
949 1637 1081 1678 eoque
1110 1626 1196 1672 uti,
1229 1627 1255 1667 fi

131 1694 294 1746 quidem
309 1697 349 1734 in
364 1695 522 1736 summo
551 1697 660 1735 vitae
688 1695 920 1735 discrimine
947 1693 1145 1743 versatur,
1172 1706 1255 1734 tan-

129 1773 249 1816 taque
279 1766 473 1816 premitur
500 1766 761 1813 necessitate,
807 1776 851 1805 ut
893 1765 975 1804 vita
1011 1763 1155 1804 servari
1184 1777 1255 1805 ne-

129 1844 276 1886 queat,
304 1836 373 1876 nifi
406 1836 477 1876 fibi
509 1835 659 1876 tribuat
689 1833 800 1887 quod
816 1845 877 1874 est
905 1832 1090 1883 alterius,
1123 1835 1248 1876 modo

127 1914 259 1943 tamen
276 1903 376 1943 alter
391 1916 440 1943 co
456 1934 469 1952 ,
502 1905 613 1957 quod
639 1903 843 1953 aufertur,
875 1915 1010 1944 carere
1033 1905 1158 1956 posfit
1173 1906 1250 1946 fine

125 1973 312 2026 periculo
329 2003 343 2024 ,
375 1973 463 2015 fore
482 1977 580 2016 utin
597 1975 704 2016 idem
720 1975 825 2016 vitae
852 1973 1069 2015 discrimen
1085 1974 1249 2016 incidat.

1195 2044 1249 2086 11-

169 2142 190 2188 ζ
195 2141 233 2188 1)
256 2144 452 2180 Grundlehre
479 2157 541 2181 zur
566 2146 738 2181 Kemnnzsz
765 2147 816 2181 des
846 2146 998 2182 lllenschl.
1025 2148 1158 2182 Wdlens
1184 2147 1253 2180 mid

123 2202 181 2235 dez·
221 2202 419 2237 nassis-lichen
455 2203 583 2245 Gefi’tze
641 2204 693 2236 des
723 2203 1004 2238 Rechtverhaltens
1018 2230 1028 2245 ,
1067 2205 1248 2245 Gottiiigae

126 2259 224 2303 1782.
248 2259 324 2295 Vid.
346 2272 380 2306 p.
406 2271 430 2305 4
456 2261 549 2304 seqq.
575 2260 633 2295 der
658 2259 861 2304 Grundsiitze
885 2262 936 2296 des
962 2259 1189 2297 Nam-reclus.
