1519 2729
750 205 1003 261 (224)

297 353 382 389 tum
409 343 946 401 'atqueharmoniam‘inter
975 358 1115 387 omnes
1143 346 1312 388 omnino
1355 344 1429 386 ho·

294 419 445 458 minum
471 417 654 458 actiones
675 415 794 470 jubet
810 413 906 470 (1).
937 415 1048 457 Hinc
1075 415 1170 466 isse,
1196 417 1265 469 qui
1293 415 1430 456 ratio-

289 489 339 529 m'
367 487 661 529 convenienter
687 487 802 541 agit,
834 485 938 528 hanc
971 486 1115 542 agendi
1154 498 1338 527 normam
1368 497 1430 525 ra-

291 560 402 599 tione
431 559 669 606 actionum,
714 557 755 596 in
791 554 894 596 alios
936 556 1120 596 homines
1157 554 1429 604 directarum,

290 629 476 683 sequatur
501 624 780 668 necesse'est:
811 652 842 676 „
871 623 934 664 Ita
964 635 1196 676 comparata
1226 625 1270 666 fit
1285 627 1428 674 aetio,

287 727 317 751 ‚‚
346 709 392 739 ut
428 696 479 738 ad
512 697 600 737 eius
636 705 818 736 normam
859 693 1025 734 libertas
1053 694 1210 734 arbitrii
1235 695 1427 737 uniuscu-

288 797 318 821 „
344 768 492 822 jusque
507 779 599 807 cum
614 765 801 805 libertate
829 764 1036 811 omnium,
1066 776 1117 805 ex
1147 762 1239 818 lege
1265 765 1429 805 univers

286 866 319 891 ‚,
347 837 416 878 sali
433 835 612 877 constare
627 832 781 887 posfit”
815 829 896 886 (2)
914 863 928 882 ‚
957 832 1051 873 vel:
1082 862 1113 886 „
1143 834 1244 874 iusta
1273 845 1334 874 est
1359 846 1429 875 ac·

287 936 317 960 „
347 908 434 955 tio,
467 917 568 958 quae
595 905 650 944 ita
679 913 740 943 est
769 914 1031 955 comparata,
1063 915 1107 943 ut
1133 903 1241 944 liber
1268 905 1425 946 arbitrii

285 1006 314 1029 ‚‚
346 977 403 1016 tui
433 974 525 1016 usus
552 987 645 1015 curn
668 972 866 1026 cujusque
895 971 1106 1022 libertate,
1137 986 1188 1015 ex
1216 973 1308 1029 lege
1333 974 1428 1015 uni·

285 1075 314 1100 „
343 1042 693 1092 versali-constare
720 1041 876 1095 posfit''
908 1039 1009 1096 (3).

345 1114 544 1156 Omnium
594 1113 729 1166 itaque
781 1111 1011 1153 libertatem
1064 1112 1246 1166 postulat
1273 1149 1276 1153 .
1300 1114 1424 1154 ratio.

285 1185 473 1240 Quoquo
503 1184 626 1224 'enim'
665 1182 791 1223 modo
845 1182 975 1223 homo
1013 1182 1117 1223 alios
1162 1182 1423 1236 contemple-

283 1265 374 1305 tur,
405 1265 490 1295 non
517 1252 634 1294 aliter
661 1251 860 1293 formatos
887 1264 962 1294 eos
995 1252 1262 1306 deprehssndit
1299 1259 1425 1306 atque

1367 1322 1424 1364 se·

289 1410 293 1418 '
327 1412 392 1457 (1)
417 1396 620 1454 Idea'itaque
639 1410 716 1452 iusti
731 1411 839 1444 erola
864 1411 993 1454 petitur
1025 1413 1150 1444 ratione
1167 1436 1177 1451 ‚
1208 1410 1266 1445 sed
1289 1411 1330 1444 ad
1363 1411 1424 1445 ho-

281 1471 387 1504 mines
406 1471 438 1503 in
459 1470 618 1504 societate
631 1467 807 1501 universali
824 1466 989 1509 degentes
1009 1469 1200 1511 applicatur.
1260 1467 1339 1501 Non
1363 1469 1422 1502 ali-

282 1537 335 1561 ter
353 1527 437 1560 visus
457 1527 489 1558 in
511 1518 678 1558 hominum
702 1525 808 1573 oculis
832 1524 939 1565 inest,
973 1533 1145 1567 antequam
1168 1525 1347 1568 quicquam
1383 1527 1423 1559 iis

281 1584 438 1619 officitur.
484 1583 586 1618 Conr.
607 1582 717 1615 Kant
732 1606 743 1622 ‚
765 1581 853 1615 Einl.
873 1593 906 1615 z.
928 1583 1076 1626 Tugendl.
1098 1584 1122 1617 s.
1147 1591 1200 1624 13.

327 1637 390 1685 (ε’.)
416 1637 659 1683 Ωιιαείῑνειτιιηῑ
699 1637 847 1670 nonnulli
878 1637 920 1670 de
951 1638 1093 1671 veritate
1123 1637 1222 1680 hujus
1249 1635 1345 1671 Kan
1361 1639 1423 1672 tii

280 1695 457 1739 principii,
482 1704 517 1728 et
535 1693 671 1735 quidem
696 1702 740 1726 eo
763 1692 978 1728 fundamento
1001 1704 1038 1728 ac
1063 1694 1085 1728 fl
1108 1695 1265 1729 summum
1283 1705 1349 1728 non
1372 1704 1424 1728 cs-

281 1753 356 1792 set'‚
379 1752 436 1786 sed
458 1753 521 1784 alio
544 1749 686 1792 quodam
711 1750 958 1791 contineretur,
995 1751 1086 1794 quod
1109 1761 1172 1794 per
1205 1752 1319 1795 Legem
1350 1755 1423 1785 um·-

281 1809 435 1852 vcrsalem
450 1810 494 1847 ,in
515 1807 584 1850 ipso
606 1806 692 1849 adeo
714 1808 878 1851 prIncipio
903 1809 1069 1842 enunciari
1092 1807 1301 1842 affirmabant.
1358 1809 1424 1842 Per

281 1877 354 1900 eam
375 1876 482 1900 tamen
495 1865 713 1909 *inteLh‘genda
730 1865 867 1899 videtur
888 1874 1107 1907 quaecunque
1142 1865 1256 1906 tegula
1283 1863 1398 1898 idonea
1405 1887 1422 1904 ,,
1458 1902 1459 1905 Ἰ

281 1932 366 1966 quae
406 1922 579 1956 constituat
606 1923 717 1964 legem
748 1923 965 1956 universalem
981 1947 991 1962 ‚
1016 1921 1109 1964 cnjus
1134 1921 1332 1955 contrarium
1353 1911 1419 1953 'fibi

281 1991 463 2023 repugnat,
488 1980 632 2023 ideoque
657 1990 699 2013 ne
723 1980 862 2027 cpgitari
886 1978 1021 2025 quidem
1043 1986 1179 2021 potest3
1203 1987 1287 2025 quae
1320 1975 1421 2019 igitui-

282 2038 370 2070 omni
404 2045 558 2079 tempore
595 2045 630 2070 et
666 2035 753 2078 apud
788 2045 903 2068 omnes
944 2035 1093 2068 homines
1120 2034 1236 2074 valet-3
1257 2031 1419 2076 ejusmodi

282 2099 335 2125 est
354 2094 488 2134 regula,
511 2103 574 2134 qua
593 2102 746 2136 quaeque
770 2101 882 2126 natura
896 2092 1021 2124 ratione
1036 2095 1152 2130 utens,
1181 2099 1328 2133 tanquam
1339 2097 1418 2131 per-

282 2148 381 2188 sona,
422 2158 489 2182 nou
537 2158 623 2182 vero
657 2157 806 2195 tanquam
834 2158 890 2182 res
922 2157 973 2182 est
1000 2145 1190 2180 aestimanda
1224 2155 1259 2180 et
1296 2145 1418 2178 habeu-

280 2205 331 2239 ὁτι.
822 2208 825 2210 “
1030 2244 1032 2247 v

329 2258 392 2306 (3)
432 2260 461 2294 K
477 2270 493 2293 a
509 2270 528 2293 n
545 2269 557 2294 t
571 2285 582 2301 ,
604 2260 738 2296 Einleit.
760 2264 795 2295 in
821 2261 873 2295 dic
888 2257 1101 2299 Rechrslehre,
1129 2259 1202 2303 §C-
1215 2268 1248 2302 p.
1263 2259 1416 2294 xxxffl.
