1519 2729
745 198 773 253 (
824 202 883 256 ’98
943 199 968 253 )

791 337 816 390 §
848 336 901 379 ΙΙ.

387 480 621 535 Supremae
650 476 756 533 legis
788 475 993 531 objectum
1025 485 1067 517 et
1096 472 1297 530 efficacia.

339 615 467 659 Hisce
524 613 747 670 praemissis
795 615 1054 667 peculiariter
1084 634 1090 637 ·
1124 615 1173 656 de
1225 614 1407 670 ejusdem

284 687 404 731 Gun
421 686 471 729 dl
490 688 540 726 in
558 699 585 740 g
600 686 640 725 ii
679 684 999 737 Jurisprudentia
1024 704 1026 706 v
1050 683 1220 727 naturali
1274 684 1408 725 videa-

282 771 384 800 mus.
445 756 638 797 Felicitas
681 754 805 808 igitur
850 752 918 793 illa
960 763 1124 793 externa
1159 765 1241 802 non
1269 764 1408 806 potest

282 827 450 881 concipi
487 825 559 866 nifi
596 825 636 864 in
664 822 860 863 relatione
892 822 1063 864 aliorum
1096 823 1148 877 (ὃ
1168 820 1290 877 ³23),
1337 823 1408 876 qui

281 897 439 939 homini
479 895 566 936 sunt
607 893 736 942 socii,
780 893 1025 947 quibuscum
1070 895 1142 947 ipsi
1171 893 1404 934 ‘vivendum

279 978 371 1016 ests,
413 965 527 1019 quod
561 964 646 1004 fieri
685 963 800 1005 nullo
836 962 961 1004 modo
985 973 1122 1015 potest
1148 962 1219 1003 nifi
1248 963 1407 1004 unicui-

279 1047 358 1088 que
382 1034 583 1093 relinquas
610 1032 837 1073 libertatem
875 1043 1106 1081 externam,
1151 1044 1191 1073 et
1217 1033 1306 1086 jura
1340 1030 1404 1072 vel

276 1115 444 1152 natura,
475 1103 539 1143 vel
570 1102 682 1144 facto
717 1103 892 1143 humano
922 1104 1198 1155 competentia
1226 1102 1277 1156 (§
1311 1099 1405 1153 26).

332 1173 433 1227 Jam'
462 1185 559 1214 vero
599 1172 715 1214 Deus
763 1172 931 1225 hujusce
973 1172 1075 1228 legis
1129 1172 1211 1213 non
1260 1176 1406 1213 auctor

279 1255 433 1284 tantum
476 1254 566 1292 est,
612 1243 679 1283 sed
707 1254 749 1283 et
777 1242 951 1291 vindex,
996 1255 1079 1283 non
1110 1243 1280 1295 requirit
1320 1253 1406 1281 tan-

277 1326 389 1364 tum,
431 1306 476 1353 ut
505 1314 632 1353 homo
662 1314 871 1366 utriusque
900 1311 1002 1366 legis
1033 1313 1241 1353 veritatem
1287 1310 1406 1352 intel-

276 1384 404 1438 ligat,
448 1382 516 1423 sed
557 1382 722 1423 effectui
765 1394 932 1436 quoque
977 1381 1044 1422 det
1083 1393 1205 1434 atque
1228 1380 1405 1422 sollicite

276 1453 516 1506 exsequatur
539 1452 590 1506 (§
625 1449 721 1505 30).
784 1451 954 1492 Homini
980 1452 1104 1505 igitur
1134 1452 1288 1491 interna
1319 1463 1402 1491 non

277 1535 457 1571 tantum,
490 1522 557 1562 sed
583 1533 624 1561 et
653 1532 819 1561 externa
844 1521 1045 1562 incumbit
1079 1519 1312 1575 obligatio,
1343 1526 1403 1579 ¹ca

274 1593 545 1646 exsequendi,
597 1603 699 1644 quae
739 1589 855 1633 Deus
898 1604 972 1645 per
1013 1593 1212 1632 rationem
1246 1592 1402 1633 homini

274 1664 453 1712 revelat,
484 1660 784 1709 ac‘manifestat
816 1660 866 1714 (§
894 1659 988 1715 34).
1048 1659 1157 1702 Hinc
1189 1660 1302 1702 secus
1329 1662 1402 1713 qui

275 1735 427 1776 faciant
443 1764 455 1783 ,
488 1732 564 1772 hos
582 1742 713 1771 manet
738 1743 884 1783 poena.
946 1730 1020 1772 Uti
1037 1743 1135 1771 vero
1158 1729 1225 1771 lex
1249 1730 1401 1771 diversa

276 1804 375 1854 est,
401 1806 455 1844 ita
483 1814 523 1843 et
550 1803 635 1856 ejus
661 1801 922 1842 vindicandae
949 1801 1092 1842 modus
1119 1812 1180 1841 est
1208 1800 1400 1843 diversus.

278 1875 368 1916 Lex
384 1876 518 1926 itaque
546 1872 815 1924 hypothetica
840 1874 899 1913 uti
927 1872 1011 1913 sola
1039 1872 1254 1925 respicitur
1280 1872 1318 1911 in
1330 1871 1401 1925 Ju-

277 1941 546 1998 rispru'clentia
571 1941 768 1991 naturali,
813 1940 966 1994 spectat
1009 1940 1134 1981 solam
1162 1940 1401 1982 felicitatem

275 2026 481 2056 externam
512 2037 545 2046 -
575 2012 656 2061 ita,
699 2022 857 2065 praeter
898 2011 1098 2052 stimulum
1128 2009 1243 2052 illum
1279 2012 1400 2051 inter-

276 2098 372 2126 num
410 2094 665 2137 poenamque
695 2082 870 2123 divinam
903 2081 955 2136 (§
987 2079 1095 2135 35),
1123 2092 1286 2122 externa
1312 2081 1400 2120 vin-

276 2156 433 2196 dicatur
468 2165 612 2206 poena.
699 2151 798 2207 Quo
846 2161 943 2193 vero
993 2150 1256 2192 fundamento
1298 2150 1400 2191 illud

278 2222 471 2280 puniendi
509 2222 576 2276 jus
615 2223 792 2273 nitatur,
839 2235 889 2264 ex
939 2220 1220 2276 obligatione,
1278 2231 1398 2274 quam

1332 2288 1397 2331 lex
