1519 2729
753 215 954 272 (4)

286 364 428 410 postea
465 353 689 395 rationibus
720 352 956 396 theoreticis
997 366 1037 395 et
1066 354 1258 408 practicis
1300 355 1418 396 nixus

285 424 421 473 videt,
454 423 675 478 intelligit,
706 433 747 463 et
776 437 868 465 cum
898 424 987 466 aliis
1027 425 1328 466 communicare
1369 437 1418 466 ac

275 493 496 556 'defendere
532 503 689 551 potest„-
979 546 981 549 ἱ

272 552 274 554 ’
341 562 477 618 Quam
508 575 607 603 vero
649 562 893 615 utilitatem,
940 578 1033 607 cum
1064 564 1182 614 aliis,
1214 574 1297 604 tum
1325 564 1416 606 fibi·

281 644 391 682 met,
435 632 629 685 praestare
684 645 831 685 queat,
875 636 945 688 qui
999 634 1119 675 talem
1172 633 1417 688 disquifitio-

281 714 372 743 nem
415 701 619 759 instituit,
661 701 782 742 facile
826 703 1056 755 percipiet,
1092 704 1184 756 vqui
1238 704 1415 744 animum

278 772 458 812 advertat
499 766 552 812 acl
596 772 761 812 miseros
805 772 1019 821 homines,
1079 771 1129 812 ab
1178 772 1289 812 omni
1341 771 1416 814 hu·

277 842 467 883 manitate
511 853 719 891 remotos,
765 843 866 894 qui,
922 843 1116 897 p'erverfis
1150 842 1306 884 inducti
1354 853 1415 882 ra-

275 912 487 960 tionibus,
533 900 716 960 πρόληψιν
756 909 867 952 illam
902 902 960 959 exf
976 914 1111 953 animo
1141 912 1212 954 suo
1239 924 1413 961 eruunt,

274 981 598 1035 benignisfimam
639 983 850 1023 hominum
890 995 982 1024 cum
1013 982 1110 1024 Deo
1152 976 1413 1024 necessitudi-

274 1062 365 1090 nem
395 1050 645 1101 dissolvunt,
676 1052 798 1092 etita
826 1064 986 1092 omnem
1020 1053 1305 1094 humanitatem
1332 1051 1412 1092 tol·

272 1119 387 1169 lunt,
419 1121 688 1162 moralitatem
718 1120 917 1174 perdunt,
963 1121 1206 1176 religionem
1250 1123 1412 1176 repudi-

272 1200 366 1230 ant:
411 1187 491 1243 (1)
536 1204 620 1243 quo
651 1190 762 1231 facto
803 1202 854 1231 ne
891 1191 1110 1237 hominum
1150 1192 1312 1245 quidem
1349 1192 1412 1233 so-
1470 1188 1509 1222 -’

272 1260 397 1300 cietas
438 1260 534 1300 stare
571 1272 723 1314 potest.
756 1258 836 1313 (2)
905 1258 1006 1302 Hos
1049 1262 1172 1316 igitur
1213 1263 1283 1316 qui
1311 1275 1411 1303 con-

271 1330 429 1378 vincit,
461 1329 696 1371 hominibus
726 1330 846 1370 animi
874 1330 1238 1384 tranquillitatem,
1271 1333 1409 1374 huma-

269 1400 384 1438 nitati
412 1399 629 1453 homines,
662 1399 768 1441 Deo
799 1400 978 1447 cultores
1009 1401 1253 1442 reddiderit!
1299 1401 1407 1443 Nam

269 1467 368 1509 licet
402 1468 625 1510 humanitas
667 1481 707 1510 et
748 1470 874 1510 virtus
914 1483 1086 1524 propter
1115 1471 1153 1512 se
1193 1471 1297 1524 ipsas
1334 1473 1408 1514 fint

267 1539 516 1592 expetendae
552 1538 632 1594 (3)
661 1551 701 1579 et
725 1538 949 1590 colendae,
994 1554 1040 1581 ea
1084 1553 1213 1582 tamen
1245 1552 1306 1581 est
1337 1541 1405 1583 ha-,

266 1623 354 1651 rum
396 1612 488 1652 eum
529 1610 780 1664 persuasione
821 1611 870 1650 de
926 1611 1059 1652 divina
1113 1622 1251 1652 natura
1305 1623 1405 1653 con-

264 1681 448 1728 iunctio,
491 1681 600 1720 utin
631 1680 705 1721 hac
734 1691 873 1731 nostra
913 1680 1179 1730 conditione,
1215 1680 1330 1722 vela
1360 1681 1400 1722 se

240 1750 441 1791 ‘invicem
480 1749 586 1790 haud
613 1750 766 1804 seiungi
798 1761 968 1803 queant,
1012 1750 1076 1791 vel
1120 1751 1256 1792 saltem
1301 1764 1400 1792 con-

263 1821 424 1865 iunctae
465 1819 731 1860 moralitatem
778 1819 907 1861 multo
950 1822 1075 1875 magis
1119 1832 1399 1874 promoveant.

323 1889 366 1931 Si
405 1890 548 1931 deinde
580 1889 905 1941 confideremus,
951 1891 1105 1935 sensum
1142 1903 1182 1932 et
1208 1893 1399 1933 notiones
1464 1943 1466 1946 v

1347 1972 1398 2002 ΘΧ

309 2025 372 2071 (ι)
398 2027 497 2062 Cic.
520 2027 558 2060 de
580 2027 665 2061 Nat.
687 2027 785 2060 Deor.
811 2027 850 2062 L.
870 2030 897 2062 Ι.
922 2038 954 2063 c.
978 2041 1010 2064 2.

269 2101 272 2104 ·
306 2080 369 2126 (ε)
408 2084 458 2117 Μ.
497 2093 518 2116 v
533 2086 583 2116 a'n
615 2084 634 2116 S
650 2094 668 2117 c
683 2083 703 2116 h
720 2086 741 2117 ὅ
757 2094 775 2116 n
791 2084 812 2116 b
829 2095 848 2117 e
863 2095 880 2117 r
893 2094 914 2127 g
928 2109 939 2124 ‚
976 2085 1014 2118 de
1035 2083 1198 2130 lVijsgeer
1228 2094 1302 2118 over
1333 2083 1393 2118 den

261 2139 371 2172 Godsd.
400 2139 442 2171 D.
469 2139 496 2172 Ι.
512 2138 559 2171 bl.
575 2147 630 2179 30.
653 2138 688 2172 R
704 2148 722 2170 e
739 2139 748 2170 i
763 2150 793 2172 m
809 2150 825 2172 a
840 2149 856 2173 r
870 2151 891 2173 u
907 2150 921 2173 s
936 2165 947 2181 ,
970 2151 1076 2174 worn.
1093 2138 1236 2174 Waarlz.
1258 2141 1392 2175 rander:

259 2195 493 2240 lVattmrllj‘ken
521 2195 631 2228 Godsd.
653 2195 736 2228 Diss.
756 2196 796 2230 X.
820 2198 851 2240 §.
873 2208 927 2231 20.
1372 2213 1376 2218 ·
1446 2196 1449 2199 ⁴

307 2248 371 2295 (3)
395 2251 423 2284 Κ
439 2260 456 2283 a
470 2260 490 2283 n
507 2259 518 2284 t
535 2275 546 2291 ‚
567 2251 674 2286 lfi‘itik
695 2253 752 2286 der
767 2251 1018 2295 Urtbeilskraft,
1041 2254 1065 2288 s.
1092 2261 1169 2296 399.
