1519 2729
715 167 748 221 -(
804 166 940 222 24)

269 303 328 344 dit
370 303 670 362 observationes
715 304 764 347 de
815 318 1029 349 ventorum
1073 307 1113 347 in
1155 306 1226 348 has
1256 316 1383 349 muta·

271 375 404 415 tiones
433 375 636 424 efficacia,
683 389 780 429 quas
822 389 983 427 autem,
1029 389 1121 417 cum
1165 378 1206 417 in
1233 379 1384 419 nostris

267 444 503 498 regionibus
533 444 574 485 hi
601 446 709 485 venti
750 448 921 490 eundem
964 446 1191 501 producere
1232 449 1415 502 nequest

267 524 338 554 unt
363 512 581 565 effectum,
612 524 695 554 non
725 515 899 560 afferam.

775 658 801 711 §
833 657 883 699 V.-

587 791 775 838 leeorz'a
806 795 869 838 Cl.
898 761 1050 840 Hom.
1104 835 1106 837 ,

323 933 392 975 Cl.
424 932 586 981 Hube
615 935 733 978 aliam
763 935 1039 978 dissolutionis
1075 934 1256 977 theoriae
1296 927 1384 977 mo-

266 1001 540 1045 dificationem
581 1006 824 1059 proposuit,
869 1008 910 1046 in
948 1020 1027 1060 qua
1057 1005 1297 1059 exponenda
1326 1005 1384 1046 se-

267 1081 386 1114 cutus
415 1074 499 1115 sum
528 1075 757 1127 Zylium
785 1088 824 1117 et
855 1076 1101 1118 Fischer
1131 1072 1225 1129 (ι).

329 1156 365 1184 1.
397 1143 515 1197 Aqua
543 1156 680 1186 revera
708 1147 748 1189 in
778 1147 1056 1199 atmosphaera
1083 1144 1328 1187 dissolvitur.

322 1211 368 1253 In
412 1212 595 1268 lagenam
636 1216 704 1256 ειὲι·
741 1216 1084 1268 atmosphaericus
1132 1203 1320 1256 huffiidus
1354 1212 1384 1255 fi

269 1282 523 1332 inmittatur,
566 1296 668 1337 aqua
711 1297 794 1325 non
823 1285 990 1326 fundum
1026 1287 1162 1338 petit,
1187 1294 1386 1337 tempera-

258 1352 357 1394 ,turfi
396 1352 534 1393 eaidem
574 1366 787 1405 manente,
831 1355 980 1395 etiamfi
1021 1354 1084 1395 vel
1130 1367 1203 1409 per
1230 1353 1384 1397 diutur-

265 1431 362 1461 num
392 1431 551 1474 tempus
580 1424 650 1467 fibi
680 1424 921 1477 relinquitur
956 1423 1109 1478 lagena.
1183 1422 1277 1464 Hoc
1313 1436 1383 1467 aur

263 1479 344 1529 tein
369 1489 455 1531 fieri
482 1490 647 1533 deberet
677 1493 702 1533 fi
732 1498 834 1547 aqua
879 1492 1158 1534 tantummodo
1198 1493 1279 1534 aeri
1310 1491 1395 1547 τιά-ἱ

231 1559 472 1616 'haererem
516 1573 608 1602 cum
647 1567 766 1615 900es
816 1564 907 1604 agre
943 1564 1104 1616 gravior
1145 1563 1203 1603 fit.
1264 1561 1383 1603 Duae

263 1640 397 1669 autem
439 1633 656 1680 materiae,
702 1632 841 1673 natura
878 1643 918 1672 et
957 1632 1134 1685 pondere
1186 1631 1382 1685 specifico

263 1698 467 1751 diversae,
527 1701 554 1741 fi
603 1700 674 1741 fibi
715 1701 879 1744 relictae
922 1714 1005 1744 non
1033 1701 1260 1756 separantur
1289 1715 1310 1743 a
1341 1700 1381 1743 se

1319 1784 1379 1812 m-

300 1904 370 1952 (1)
393 1906 470 1942 vid.
498 1907 732 1952 Verlmna'eling
745 1919 819 1942 over
839 1909 899 1942 den
924 1908 1185 1952 tegenuroerdigcn
1206 1906 1299 1950 staat
1322 1905 1382 1939 der

255 1961 501 1999 Natuurkennis
526 1976 591 1999 van
619 1966 658 1999 de
679 1965 907 2009 waterachtige
933 1964 1170 2008 verhevelingen
1197 1965 1249 1998 des
1267 1963 1379 2007 damp-

254 2019 362 2063 krings
389 2022 463 2054 door
488 2021 520 2068 J.
544 2021 589 2055 D.
614 2023 658 2056 O.
685 2022 832 2064 Zyliu
849 2032 885 2063 s,
919 2031 1003 2065 quae
1031 2022 1198 2055 invenitur
1224 2021 1256 2053 in
1285 2025 1379 2052 com-

253 2077 508 2111 mentationibus
533 2079 698 2113 societatis
723 2080 940 2123 Teylerianae
970 2079 1125 2119 alterius,
1163 2078 1260 2121 Tom.
1283 2075 1377 2112 XIII.

255 2141 291 2167 et
327 2134 507 2176 Ccsabichte
540 2136 599 2169 der·
639 2135 746 2181 Plzffik
788 2147 845 2170 von
874 2137 907 2184 J.
941 2136 983 2169 C.
1009 2135 1036 2169 F
1051 2135 1061 2167 i
1077 2134 1122 2168 sc
1138 2134 1158 2167 h
1175 2144 1193 2168 e
1210 2144 1226 2168 r
1240 2158 1250 2175 ,
1290 2133 1376 2168 Got-

252 2191 358 2234 tingae
387 2192 483 2227 1808.
507 2192 604 2227 Tom.
631 2192 707 2226 V11.

1473 1978 1491 1985 a
