1519 2729
244 194 262 215 0
679 156 906 215 (¹2)

231 292 465 338 desiderium
496 295 775 337 benevolentia
806 295 1040 349 praevenire
1059 292 1203 334 studet.
1231 288 1359 334 Nune

229 375 354 431 igitur
395 378 496 419 nihil
538 389 598 419 est
633 378 745 431 quod
769 377 819 417 ab
846 390 897 418 eo
927 388 1080 418 metuas
1105 377 1359 431 peregrinus.

229 457 425 501 Mettras?
456 461 586 501 Immo
614 473 712 500 vero
741 471 850 500 tuam
880 458 1044 500 tutelam
1080 471 1127 500 ac
1168 457 1360 499 securita-

229 552 309 582 tem
338 543 404 583 sua
431 542 550 596 ipfius
577 543 660 582 vita
687 542 808 583 habet
838 543 1061 592 cariorem
1093 552 1133 582 et
1159 538 1359 582 sanctisfi-

227 636 368 673 mum,
414 638 497 678 quo
537 625 711 675 frueris,
754 624 1043 678 hospitalitatis
1082 623 1151 678 jus
1172 625 1199 666 fi
1229 620 1359 677 quali-

225 719 400 759 cumque
443 707 602 748 tandem
641 706 775 759 modo,
814 719 897 748 non
944 705 1226 748 observaverit
1282 717 1360 746 nec

225 788 490 842 praestiterit,
521 789 674 843 aliquid
702 789 741 829 se
769 788 1015 831 commifisse
1041 787 1272 844 judicabit,
1309 785 1361 827 ab

227 869 395 912 Arabici
451 873 628 912 nominis
682 871 907 927 dignitate,
955 871 1227 925 summoque,
1277 881 1363 922 quo

227 952 387 1003 fervet,
445 953 709 1003 inconcussae
759 953 852 995 fidei
890 954 1047 996 honore
1102 953 1364 995 vehementer

226 1035 420 1077 alienum.
618 1039 621 1040 ⁷

284 1119 436 1161 Verum
468 1121 583 1174 plura
610 1122 725 1172 sunt,
756 1122 797 1164 in
824 1121 972 1176 quibus
1001 1120 1158 1163 Arabes
1200 1119 1363 1174 propri-

226 1213 299 1242 um
342 1203 545 1254 quoddam
594 1204 910 1245 commonstrant
954 1204 1122 1245 honoris
1163 1202 1364 1252 studium,

225 1296 354 1338 eaque
384 1297 462 1325 tam
495 1285 621 1326 multa
659 1297 700 1326 et
738 1287 875 1337 varia,
919 1296 964 1327 ut
1005 1286 1141 1327 omnia
1182 1283 1365 1326 vel=levi

215 1366 352 1408 -oculo
393 1366 554 1407 lustrare
598 1369 717 1408 nimis
757 1368 926 1423 longum
968 1367 1105 1418 foret,
1137 1379 1191 1408 ex
1217 1367 1364 1408 iisdem

214 1461 328 1490 ,vero
365 1462 559 1503 perquam
601 1450 775 1491 difficilis
806 1451 856 1492 fit
879 1450 1075 1492 delectus.
1150 1448 1360 1504 Ignoscite

224 1533 378 1586 igitur,
411 1532 467 1573 A.
486 1533 543 1573 Ar
570 1533 595 1573 fi
625 1532 731 1574 forte
758 1544 914 1575 vestrae
941 1533 1236 1586 exspectationi
1279 1543 1364 1575 non

226 1615 388 1667 prorsus
414 1614 694 1658 ¹fatisfecero!
739 1638 785 1648 —
828 1614 957 1670 Quod
997 1616 1025 1658 fi
1057 1608 1168 1670 vergo
1196 1614 1246 1656 ad
1271 1614 1366 1655 inti-

225 1710 331 1738 mam
363 1698 543 1739 Arabum
574 1697 886 1739 familiaritatem
914 1711 989 1739 vos
1018 1697 1278 1759 introdncere
1314 1696 1364 1737 H-

225 1791 336 1820 ceret
365 1780 533 1834 ejusque
560 1794 634 1821 vos
658 1792 780 1821 testes
806 1780 972 1822 reddere
1010 1779 1227 1822 oculatos:
1275 1778 1363 1820 lau·

225 1861 402 1913 dabilem
430 1862 545 1916 ejus,
578 1863 691 1916 quod
727 1863 921 1905 decorum
963 1863 1155 1913 censent,
1201 1861 1357 1903 sensum

210 1951 276 1984 'ex
318 1943 535 1985 luculentis
577 1946 738 1986 indiciis
781 1946 886 1987 haud
927 1947 1006 1987 fine
1031 1945 1243 1999 voluptate
1275 1945 1360 1985 ani·

228 2026 543 2067 madverteretis.
627 2026 827 2069 Homines
882 2041 1021 2070 coram
1062 2027 1360 2081 conspiceretis

227 2110 410 2163 inquieto
436 2109 590 2163 gloriae
620 2110 762 2152 ardore
792 2112 834 2151 in
861 2123 1004 2165 magna
1030 2111 1139 2151 vitae
1168 2109 1361 2164 simplici-

231 2203 309 2233 tate
338 2204 421 2234 non
451 2193 706 2247 exagitatos,
738 2192 806 2236 fed
833 2194 874 2235 in
902 2193 994 2249 ipso
1015 2194 1166 2250 ingenii
1194 2193 1359 2236 fervore

1273 2275 1361 2331 pla-
