1519 2729
593 141 816 199 (69)

153 271 275 316 Haec
315 277 421 317 enim
453 276 598 332 studia
639 281 859 325 doctrinae
875 313 888 334 ‚
912 287 1197 340 prudentibus
1223 302 1264 335 et

83 344 85 349 '
151 343 252 385 bene
279 345 510 400 institutis,
533 352 713 402 pariter
741 365 833 395 cum
858 366 1003 398 aetate
1040 357 1231 414 crescunt
1247 392 1260 413 ,

149 423 198 454 ut
210 412 418 469 honestum
437 415 494 470 sit
520 419 632 460 illud
658 421 684 463 S
702 423 902 465 olonis
930 426 1087 470 dictum
1104 460 1118 479 ‚
1156 432 1267 486 quod

148 483 216 524 ait
252 482 450 538 versiculo
486 489 692 544 quodam,
725 490 775 546 fh
818 496 955 539 multa
995 499 1043 541 in
1082 500 1169 543 dies
1198 501 1262 545 di-

139 549 324 607 scentem
345 550 595 611 senescere:

206 695 383 744 Γήρασκω
414 698 447 739 δ’
478 701 553 741 αἰεὶ
584 703 713 744 πολλοὶ
741 705 1010 757 διδασκόμενος.
1042 709 1124 766 (1)

147 831 246 887 Qua
289 837 502 891 voluptate
540 842 680 886 animi
718 846 841 888 nulla
868 858 981 890 certe
1000 857 1137 904 potest
1174 850 1258 908 esse

139 904 292 946 maior.
326 905 406 960 (2)

195 971 253 1013 Et
282 978 462 1026 quamvis
487 981 602 1032 pueri
631 983 830 1026 interdum
860 998 900 1027 et
929 990 1118 1040 iuvenes,
1164 990 1256 1045 pul-

138 1040 365 1084 chritudine
407 1046 566 1089 fabulae
608 1049 778 1095 alicuius
827 1056 1014 1112 abrepti,
1058 1061 1104 1102 ea
1146 1061 1256 1102 dele-

137 1121 321 1162 ctentur,
353 1117 507 1171 quippe
523 1132 654 1173 quae,
679 1124 887 1167 veritatem
913 1131 1109 1180 mentita,
1140 1131 1256 1173 falla-

135 1183 222 1222 ciae
252 1183 521 1237 suspicionem
546 1202 628 1231 non
649 1183 845 1246 inficiat,
894 1209 1026 1240 tamen
1057 1202 1084 1242 ii
1114 1203 1254 1256 impri-

134 1252 236 1301 mis,
269 1267 444 1307 quorum
473 1261 592 1300 animi
621 1260 834 1306 facultates
875 1271 1095 1312 maturiore
1118 1262 1252 1314 laetate

133 1325 260 1381 magis
300 1327 483 1368 excultae
525 1329 641 1381 sunt,
685 1336 756 1375 nifi
798 1338 940 1389 opinio
983 1350 1055 1380 eos
1096 1340 1252 1396 decipi-

131 1404 199 1442 at,
244 1397 421 1437 veritatis
453 1411 703 1443 momentum
739 1408 972 1459 percipiunt
1007 1421 1149 1463 atque,
1197 1425 1250 1453 ne

131 1462 340 1506 fictionem
375 1478 417 1508 et
443 1470 651 1512 veritatem
695 1473 972 1527 confundant,
1018 1480 1157 1523 sedulo
1185 1497 1251 1525 ca-

130 1544 223 1573 vere
252 1534 420 1577 student.
451 1557 497 1567 -·
529 1539 606 1581 Vel
646 1544 698 1584 fic
737 1546 856 1586 etiam
898 1548 1073 1591 nascitur
1110 1552 1250 1605 philo-

131 1601 299 1656 sophia,
330 1605 400 1648 lux
414 1609 519 1648 vitae
546 1621 587 1650 et
601 1612 783 1666 magistra
800 1628 972 1658 morum.
1010 1619 1246 1674 Quid'enim

130 1670 239 1712 aliud
267 1684 356 1724 est,
385 1678 455 1719 nifi
484 1691 598 1720 amor
627 1682 876 1734 sapientiae?
922 1686 1092 1730 Homini
1120 1693 1245 1746 igitur

128 1743 295 1795 propria
324 1756 384 1785 est
412 1750 495 1788 veri
527 1751 731 1802 inquisitio
760 1765 800 1794 et
830 1757 1102 1814 investigatio.
1132 1761 1213 1816 (3)

186 1811 335 1855 Tendit
375 1817 497 1871 igitur
547 1822 744 1863 continuo
784 1824 836 1865 ad
873 1814 1157 1872 certitudinem
1201 1845 1243 1874 et

129 1883 378 1937 cognitionis
434 1886 682 1932 harmoniam
721 1892 876 1949 h0m03
919 1899 994 1941 hac
1035 1900 1084 1942 de
1126 1902 1242 1944 causa

1178 1985 1239 2014 re-

169 2050 234 2096 (1)
259 2054 381 2088 Selecta
398 2061 565 2100 poetarum
588 2063 778 2100 Graecorum
801 2071 946 2104 carmina
960 2094 971 2112 ‚
993 2081 1028 2115 p.
1054 2081 1108 2115 13·

169 2107 232 2152 (2)
257 2111 358 2145 Cic.
381 2113 419 2146 de
442 2115 606 2151 Senectute
620 2144 631 2160 ,
656 2129 688 2156 c.
715 2132 770 2167 14.

168 2162 231 2209 (3)
257 2165 347 2201 Idem
370 2169 409 2203 de
432 2169 494 2215 off.
518 2173 545 2207 1.
568 2186 603 2218 4.
