1519 2729
547 96 585 174 ι(
645 106 726 150 229
785 90 817 145 J

108 246 183 287 tio.
243 240 328 298 Qui
370 236 616 281 instrumenti
651 232 774 275 'instar
801 228 914 284 agit,
958 222 1126 275 fatoque
1154 232 1239 262 tan·

109 326 194 356 tum
223 311 535 355 determinatur,
566 304 738 346 aliorum
752 300 981 342 libertatem
1007 292 1045 350 ss,
1065 293 1240 340 minuat,

106 397 181 425 eos
210 380 381 424 laedere
409 378 490 420 dici
519 388 601 417 non
628 383 794 430 potest,
835 377 964 421 aeque
1003 364 1134 404 minus
1177 360 1243 401 in-

101 456 219 509 juste
244 453 357 508 agit,
386 460 507 503 atque
530 446 638 488 ferae
667 444 787 493 illae,
818 450 920 494 quae
947 431 1167 487 tyrannidis
1183 431 1244 471 in-

108 525 349 570 strumenta,
375 522 577 567 innocuos
604 517 715 558 cive&
740 511 833 566 ipsis
859 507 1071 563 projectos
1094 501 1245 544 dilace-

109 605 212 635 rant.
272 590 395 632 Bruta
415 589 523 629 enim
554 587 629 628 hac
653 585 745 639 lege
771 593 854 622 non
884 578 1036 626 teneri,
1068 570 1159 628 quis
1183 582 1247 612 est

108 665 179 718 qui
207 675 291 703 non
317 660 495 702 sentiat?
527 657 573 698 In
601 669 679 697 nos
706 656 840 707 itaque
867 647 933 691 vel
963 646 1136 688 maxima
1165 642 1250 683 sae-

108 735 206 776 vitia
236 731 498 778 invadentes,
526 728 593 783 jus
622 736 754 766 tamen
781 731 965 763 nostrum
993 714 1150 757 laedere
1163 724 1249 754 non

109 805 330 850 dicunturg
374 800 441 843 sed
482 800 640 846 homo,
681 808 727 836 ut
770 793 808 834 se
846 790 978 845 ipsum
1007 784 1249 833 conservet,

108 885 251 914 eorum
274 872 315 911 vi
340 881 403 910 eat
431 869 595 910 obviam
625 865 786 918 seseque
815 857 1017 903 defendat.
1079 853 1252 896 Scilicet

110 942 187 985 soli
227 941 414 982 homines
451 938 601 986 liberi,
644 948 739 977 cum
778 931 977 987 gaudeant
1017 938 1156 968 omnes
1186 935 1253 964 ae-

113 1011 225 1067 quali
250 1011 361 1065 jure,
392 1009 563 1050 aliorum
595 1005 857 1049 continentur
897 998 1098 1039 libertate.
1160 994 1253 1034 Sin-

115 1082 224 1138 gulis
238 1081 366 1122 veluti
395 1081 505 1121 orbis
532 1088 593 1120 est
620 1073 863 1122 'concessus‚
894 1070 935 1109 in
963 1080 1047 1121 quo
1077 1066 1255 1107 circum-

114 1163 311 1208 vagentur
352 1150 510 1200 libere;
554 1158 667 1190 extra
715 1143 831 1185 illum
868 1151 1003 1182 autem
1040 1135 1121 1177 sese
1169 1145 1258 1175 non

114 1222 340 1264 conferant.

150 1291 242 1346 .Jus
279 1292 415 1343 itaque
441 1300 492 1329 ex
520 1285 740 1328 Kantio
769 1293 853 1323 non
894 1278 999 1320 male
1036 1275 1254 1322 definitur,

115 1362 143 1403 fi
169 1374 245 1414 pro
275 1358 467 1400 facultate
493 1356 638 1397 morali
666 1353 886 1410 generatim
903 1351 1095 1392 sumatur:
1126 1375 1156 1399 „
1172 1342 1256 1385 Be-

115 1444 145 1484 ,’,
168 1426 368 1486 stig-miss,
413 1428 453 1468 d.
486 1428 515 1469 i.
545 1427 637 1468 eine
663 1422 799 1466 durch
837 1420 987 1462 keinen
1030 1427 1256 1472 entgegen-

116 1531 145 1555 „
166 1492 319 1556 setste'n
357 1497 628 1551 Imperativ‚
673 1494 875 1548 (aliorum
919 1490 1149 1530 libertatem
1201 1497 1260 1532 ne⁴

116 1601 145 1624 ,‚
175 1567 332 1621 laedas)
360 1563 713 1621 eingesclzrc'inkte
738 1560 944 1617 Freyheit
972 1572 1027 1601 zu
1039 1556 1257 1606 handeffn,

117 1670 146 1694 „
176 1629 466 1691 Erlauhnisst’
499 1634 595 1690 (1).

177 1709 255 1750 Est
284 1711 418 1769 itaque
437 1706 538 1762 Jus:,
571 1718 616 1746 ea
644 1704 860 1746 liberarum
889 1701 1098 1743 actionum
1122 1709 1254 1738 exter-

118 1793 169 1822 na
197 1780 411 1827 conditio,
455 1790 534 1831 qua
570 1777 681 1818 actio
711 1776 828 1816 unius
858 1783 1021 1813 externa
1046 1782 1139 1811 cum
1168 1781 1256 1809 om-

120 1854 231 1893 nium
258 1861 485 1891 ceterorum
515 1847 703 1888 libertate
733 1846 788 1886 ita
815 1842 994 1886 constare
1023 1840 1176 1894 possit,
1213 1847 1260 1878 ut

121 1935 263 1964 norma
289 1933 408 1973 quam
437 1917 506 1958 ille
548 1914 763 1971 sequatur‘,
808 1915 998 1957 omnibus
1025 1908 1259 1952 hominibus

122 1993 302 2036 universa
327 1990 394 2031 lex
420 1989 503 2029 esse
532 1987 675 2030 valeat.

1130 2035 1154 2089 ς
1187 2030 1263 2085 111-

171 2141 235 2188 (ι)
261 2143 279 2176 S
295 2152 314 2176 c
329 2142 350 2174 h
366 2139 457 2174 mid
473 2164 484 2180 ‚
520 2139 688 2176 lVb'rterb.
725 2149 758 2173 z.
784 2136 858 2171 Erl.
890 2135 924 2170 d.
950 2133 1053 2168 Kant.
1079 2125 1267 2172 Schrfien,

128 2211 214 2236 voce
238 2199 339 2235 Reclzt
353 2224 364 2242 ,
387 2208 421 2244 p.
444 2206 523 2243 450.
