1519 2729
556 192 585 249 (
641 188 783 250 75)

95 330 320 386 abjicerent
348 329 615 372 idololatriam
647 342 688 372 et
717 329 978 385 religionem:
997 323 1228 370 Mofaicmn

97 415 299 458 perpetuo
330 414 649 457 propugnarent.
680 440 681 443 ,
1141 405 1146 408 “

583 525 608 597 ς
640 542 734 585 vn.

398 681 471 727 Vis
502 681 642 740 exsilii
669 680 936 738 Babylonict'.

156 821 286 880 Quod
309 823 473 874 deerat,
514 824 557 866 id
583 822 966 878 perfecitwexfilium
1011 821 1249 875 Babyloni-

100 904 226 943 cum,
258 906 302 933 nt
331 893 380 934 ad
408 893 610 934 idolorum
641 894 899 948 pluriumque
933 893 1120 935 Deorum
1149 891 1257 933 cul·.

103 974 186 1004 tum
216 963 388 1017 posthac
424 973 507 1004 non
541 962 715 1016 amplius
741 963 915 1017 prolapsi
948 965 1022 1004 sint
1041 962 1235 1003 Hebraei.

101 1031 229 1074 Multi
269 1034 482 1074 veroviri
525 1033 637 1074 docti
674 1044 822 1074 tantam
861 1034 957 1074 huic
985 1032 1126 1074 exsilio
1154 1033 1237 1072 vim

103 1102 314 1152 tribuunt,
375 1114 419 1143 ut
461 1102 544 1144 hoc
585 1102 715 1144 solum
765 1103 1020 1145 idololatriae
1058 1114 1238 1143 amorem

102 1170 296 1213 ademisse
326 1171 520 1214 Israelitis
550 1172 751 1215 censeant.
813 1172 948 1228 Quam
987 1173 1238 1226 tame-nropi—

105 1242 299 1292 monem,
341 1254 386 1284 ut
425 1243 546 1284 nobis
599 1245 767 1296 quidem
799 1245 980 1293 videtur,
1021 1242 1237 1292 refellunt,

105 1307 209 1367 quite
246 1313 458 1366 hucusque
497 1313 803 1366 disputavimus.
864 1313 920 1355 Et
955 1327 1054 1354 vero
1093 1315 1239 1354 mirum

105 1385 255 1436 cuiq-ue
284 1384 444 1425 aecidat
471 1384 634 1425 necesse
664 1376 997 1434 est‚'Heb1·ae0s
1027 1396 1100 1437 per
1128 1383 1239 1424 secu-

106 1452 138 1493 li
165 1453 373 1495 dimidium
402 1455 457 1494 itu
483 1453 600 1507 plane
630 1454 751 1495 fuisse
787 1455 1033 1504 convers08‚
1064 1466 1109 1496 ut
1138 1466 1241 1507 quae

105 1536 222 1564 antea
269 1524 408 1565 insano
460 1524 834 1579 complecterentur
883 1537 1048 1574 amore,
1100 1523 1241 1565 eadem

107 1607 214 1636 nunc
259 1595 392 1636 subito
433 1596 692 1636 vehementer
735 1595 1019 1636 aversarentur.
1091 1592 1241 1646 Neque

109 1666 219 1706 enim
249 1667 305 1706 ita
331 1677 498 1719 repente
526 1667 566 1707 in
596 1668 838 1708 contrariam
873 1676 1027 1719 partem
1073 1675 1243 1705 conver-

110 1747 248 1778 tuntur
275 1735 418 1792 finguli
448 1737 663 1786 homines,
695 1737 841 1777 nedum
865 1734 1071 1777 universae
1087 1744 1246 1788 gentes.-

111 1804 207 1861 Ego
235 1819 334 1847 vero
351 1836 364 1856 ‚
398 1808 723 1861 quotiescunque
748 1805 1020 1848 idololatriam
1034 1803 1245 1845 Hebraeo-

109 1889 197 1916 rum
243 1876 532 1930 contemplor‚
586 1889 678 1918 ante
725 1876 920 1919 exsilium>
945 1873 1246 1927 Babylonicum

109 1957 310 2000 perpetuo
350 1947 633 2000 perdurantem
675 1945 1071 1998 continentemque,
1124 1944 1246 1984 toties

111 2013 341 2057 aedificium
376 2017 580 2070 quoddam
616 2017 714 2058 mihi
749 2017 884 2074 videre
915 2016 1086 2065 videor,
1129 2014 1247 2069 cujus

113 2085 373 2127 fundamenta
401 2100 591 2140 aquarum
623 2088 666 2129 vi
689 2098 758 2127 aut
780 2085 1089 2140 quibuscunque
1126 2086 1247 2126 rebus

113 2156 348 2210 jamdudum
375 2157 582 2198 debilitata
613 2168 653 2197 ct
678 2156 790 2197 velut
818 2166 1008 2198 excavata
1035 2154 1142 2196 sunt:
1174 2155 1249 2196 stat

110 2225 212 2267 illud
236 2228 465 2272 etianmunc
490 2238 530 2269 et
555 2227 693 2270 haeret
708 2228 866 2283 exiguis
892 2222 1134 2281 quibusdam
1157 2225 1248 2267 fun-

1181 2295 1248 2336 da-
