1519 2729
569 136 793 194 (25)

119 281 184 320 nia
205 277 530 332 quoquoversum
558 277 746 332 sanguine
770 278 1115 326 contamirlanteS‚⁴
1147 287 1248 317 tune

120 361 250 390 autem
273 349 376 390 fusci
408 348 502 388 fiant
530 359 597 388 aut
626 348 744 402 grisei
773 348 837 388 vel
866 347 1024 388 candidi
1057 343 1153 398 (ι).
1186 373 1189 377 ⁴

179 419 243 458 An
274 420 340 459 hic
369 431 533 472 quoque
559 419 777 470 pertineret
806 417 928 469 Ruy
946 416 996 457 sc
1014 416 1097 457 hii
1128 409 1250 468 Thes.

123 487 260 531 Anat.
290 488 442 542 llffagn.
469 487 555 529 N¹¹⁵.
592 489 702 539 141?
735 487 869 527 Verba
896 487 1008 528 sunt:
1054 512 1082 537 5,
1112 484 1252 525 Phiala

124 559 164 597 in
187 557 347 610 liquore
383 559 596 599 continens
623 569 801 612 vermem
831 570 903 609 per
941 558 1026 595 vias
1064 555 1256 595 urinarias

123 640 332 669 excretum
357 628 553 668 diversum
567 629 617 678 ab
635 613 725 667 aliis
752 624 1003 667 vermibus.''
1064 624 1257 678 Ignoran-

127 699 222 738 tiam
246 710 378 738 autem
407 697 524 739 fateri
554 697 661 737 malo
691 709 810 749 quam
841 698 881 737 in
913 695 1088 736 tenebris
1103 695 1254 749 vagari.

184 767 393 808 Praeterea
445 779 505 806 est
543 766 679 815 casus,
725 779 845 819 quem
888 776 1085 806 memorat
1125 763 1257 805 Doct.

128 850 227 877 van
259 838 354 878 der
388 837 596 877 Leeuw
629 835 734 890 (2):
794 866 822 889 ‚‚
854 835 905 875 V.
949 835 1001 874 A.
1038 835 1092 874 60
1131 845 1258 874 annos

128 918 273 956 natus,
316 917 430 946 antea
466 898 656 947 robustus
684 908 766 961 jam
810 919 906 947 vero
933 902 1056 946 abusu
1086 908 1260 957 potuum

131 976 433 1029 spirituosorum
474 977 774 1017 constitutionis
816 977 1099 1023 cachecticae,
1142 986 1262 1027 ques-

132 1056 195 1086 tus
231 1056 291 1085 est
330 1044 378 1085 de
405 1047 607 1097 pressione
638 1046 807 1099 quadam
837 1057 876 1086 ct
907 1047 1064 1098 pruritu
1106 1045 1156 1084 ad
1188 1055 1259 1096 pe-

130 1117 339 1164 rinaeum‚
398 1115 528 1168 deque
581 1115 668 1157 nisu
705 1116 909 1170 frequenti
946 1115 1151 1170 mingendi
1194 1112 1260 1153 dc-

133 1184 391 1237 ponendique
433 1185 581 1226 alvum.
671 1185 739 1227 De
782 1197 966 1239 tempore
1018 1187 1060 1225 in
1105 1193 1263 1235 tempus

132 1255 309 1310 guttulas
350 1255 507 1308 aliquot
541 1257 676 1296 urinae
722 1255 980 1310 stingvinosae
1023 1256 1147 1302 milit,
1193 1264 1262 1291 ne·
1307 1270 1311 1277 ·

132 1338 212 1378 que
254 1337 356 1377 quae
397 1324 550 1365 doloris
593 1323 769 1378 aliquem
813 1326 965 1367 sensum
1008 1327 1049 1365 in
1084 1326 1148 1365 via
1183 1323 1264 1363 uri-

133 1397 241 1434 naria
280 1395 524 1435 excitabant.
600 1394 870 1436 Cruciabatur
897 1407 1029 1436 autem
1069 1396 1150 1434 acri
1191 1393 1264 1433 do-

133 1464 230 1505 lore'
256 1466 296 1504 in
326 1463 572 1513 abdomine,
619 1467 711 1506 tussi
749 1467 879 1514 ficca,
923 1464 1065 1505 somno
1108 1465 1265 1529 inquie-

134 1546 199 1583 to<⁷
257 1535 379 1575 animi
441 1534 664 1593 deliquium
717 1535 959 1589 quandoque
1021 1535 1264 1588 patiebatur.

133 1604 294 1645 Oculos
336 1604 556 1658 cingebant
597 1605 735 1645 annuli
776 1605 891 1646 lividi
937 1604 1120 1654 coloris;
1164 1604 1266 1644 labi-

3 1684 9 1693 ‘
72 1697 76 1699 >
131 1687 199 1715 um
240 1673 420 1726 superius
461 1674 658 1714 tumidum
693 1688 791 1716 erat.
853 1675 1015 1727 Pupilla
1065 1673 1266 1727 expansa:,

131 1743 269 1797 pulsus
309 1755 487 1796 parvus,
524 1744 781 1797 irregularis„
830 1743 1165 1785 Anthelminticis
1207 1745 1268 1783 in-

136 1815 289 1856 cassum
339 1814 470 1866 datis,
522 1814 740 1857 decoctum
790 1814 1029 1857 Geoffraeae
1077 1815 1118 1854 in
1169 1814 1267 1854 vefi-

1178 1896 1267 1925 cam

176 2001 240 2046 (ι)
266 2002 299 2035 R
314 2012 335 2034 u
352 2000 371 2033 d
389 2010 409 2033 o
424 2002 432 2032 l
449 2011 469 2043 p
484 2000 518 2033 h.
543 2000 564 2032 l.
595 2000 714 2035 1.>V01.
741 2002 783 2035 ΙΙ.
810 2002 842 2035 Ρ.
872 2003 898 2037 I.
915 2010 1034 2044 p.213.
1051 2001 1127 2043 Syn.
1141 2009 1173 2042 p.
1191 1999 1267 2034 261.

177 2058 240 2103 (2)
263 2058 496 2101 thm,··71emiug
532 2068 595 2090 van
633 2069 704 2090 eene
744 2057 966 2102 Pisopstoppiug
1002 2058 1076 2091 door
1100 2055 1267 2092 JVormen

129 2120 163 2150 in
188 2117 226 2150 de
253 2117 344 2149 hle-us
371 2115 581 2148 veram-zaakt
597 2139 607 2153 ‚
631 2117 663 2147 in
692 2116 729 2147 de
742 2114 1013 2157 Verhandelingen
1041 2125 1107 2148 van
1120 2113 1174 2148 het
1189 2115 1267 2149 Gen·

129 2183 182 2209 ter
203 2175 329 2207 herm-d.
353 2174 409 2206 der
436 2173 543 2206 llcclle.
567 2180 600 2205 le
622 2169 721 2213 Amst.
748 2171 790 2205 D.
820 2171 860 2204 V.
889 2181 921 2214 p.
946 2180 1001 2215 54.
