1519 2729
538 174 565 231 <
626 186 708 230 243
765 171 816 250 ),

109 327 159 359 ve
187 314 331 357 morali
372 311 594 355 necesfitati
633 311 881 354 subsumatur
906 304 1010 367 (1).
1070 309 1147 354 Per
1186 311 1225 350 Γὲ

110 389 221 428 enim
252 396 403 427 tantum
429 395 490 424 est
520 383 768 437 principium
796 381 1116 436 regulativum‚
1147 392 1229 421 non

111 469 214 498 vero
243 456 466 509 practicam
485 484 498 503 ,
531 453 706 507 ide-oque
733 464 816 492 non
844 451 1135 506 complectitur
1156 464 1230 492 no—

112 528 267 567 tionem
303 524 407 582 fim‘s
444 524 630 578 alicujus
657 520 845 578 absolute
875 519 1111 577 necesfhrii
1137 520 1233 576 (2).

110 595 342 637 Praeticum
379 607 476 636 vcro
507 605 602 634 tunc
628 593 787 633 demum
815 595 1066 647 principium
1100 593 1234 633 evadit

111 666 314 719 nobisque
333 665 422 706 finis
450 666 617 722 exixit,
649 676 770 717 quem
798 662 889 719 lege
920 663 1063 705 morali
1093 676 1233 705 neces-

113 737 217 787 sario
245 747 385 789 petere
416 734 522 775 velle
562 734 780 789 jubemur,
824 744 1040 787 postquam
1070 746 1143 786 per
1170 733 1236 788 ju-

114 804 275 846 dicandi
304 803 539 845 facultatem
569 805 610 844 in
630 816 799 859 regnum
828 803 980 845 morale
1007 802 1135 844 veluti
1153 803 1238 853 'mi-

117 876 293 936 graverit
321 875 422 928 juris
449 873 581 915 notio.

172 945 232 986 Ita
258 944 420 986 demum
445 944 492 984 fit
502 936 722 998 judicandi
748 944 953 986 facultatis
976 945 1241 999 operatione,

118 1024 167 1056 ut
187 1015 305 1070 juste
333 1027 514 1069 agamus
534 1021 717 1068 propter
736 1013 874 1069 fialam
907 1016 1013 1069 legis
1041 1027 1241 1055 reveren-

68 1120 69 1123 *
116 1087 241 1128 tiam.
302 1085 362 1126 Ita
397 1084 573 1126 demum
602 1084 706 1124 ratio
732 1085 914 1138 practica
942 1082 1076 1139 Iegem
1108 1096 1242 1125 mora-

118 1157 228 1206 lem,
271 1168 294 1197 a
334 1155 374 1196 se
403 1154 714 1210 praescripta-m,
753 1154 804 1196 ad
829 1155 924 1210 jus,
969 1165 1157 1208 tanquam
1193 1153 1245 1196 ad

121 1221 332 1281 objectum
358 1225 562 1279 quoddam
590 1224 787 1278 applicat.

129 1311 131 1314 ·
177 1295 258 1336 Sed
299 1297 505 1349 quaeritur
545 1296 650 1349 jam,
691 1295 741 1335 ad
778 1295 983 1349 quodnam
1015 1295 1243 1336 officiorum

120 1379 246 1420 genus
270 1365 372 1406 illud
395 1365 461 1419 jus
486 1364 709 1415 referatur,
741 1365 788 1406 ad
818 1364 1026 1418 perfecta,
1057 1378 1107 1406 an
1144 1378 1244 1406 vero

120 1437 171 1478 acl
208 1436 469 1490 imperfecta,
518 1448 570 1479 co
598 1435 755 1478 scilicet
783 1435 895 1477 sensu
921 1448 1116 1490 accepta,
1144 1426 1248 1490 ⁷qu0

1200 1507 1300 1548 ea»

53 1621 58 1626 ·
122 1605 272 1641 definivit
324 1608 343 1641 S
361 1606 414 1641 ch
431 1607 550 1649 mid,
602 1607 767 1643 IV<51†erb.
802 1608 834 1641 in
866 1604 953 1643 voce
993 1601 1249 1651 U1·t25et².skraft.·

124 1690 146 1708 ,,
169 1666 226 1698 das
254 1664 421 1708 Verum'gen
446 1666 503 1698 das
530 1663 700 1707 Besbndere
728 1666 776 1698 als
791 1664 955 1699 enthalten
983 1668 1080 1700 antei·
1105 1667 1174 1701 dem
1187 1666 1250 1700 all-

124 1746 146 1764 „
167 1725 325 1763 gmeinen
359 1734 401 1755 zu
427 1721 591 1755 dctzken.”.
660 1721 939 1756 Determiuantem
969 1731 1079 1757 autem
1105 1732 1139 1757 et
1169 1723 1250 1766 sub·
1307 1727 1315 1731 ”

119 1778 296 1821 Ιέιηιεηῖεηι
331 1776 566 1821 (bestimmena'e
589 1777 659 1811 und
677 1777 934 1823 fitbfiunirende)
957 1805 981 1823 „
1003 1780 1061 1813 das
1079 1780 1250 1824 Vermb‘gen

126 1859 149 1877 „
171 1842 268 1868 unter
291 1835 407 1878 Regeln
436 1834 638 1879 (Principien
655 1858 666 1874 ‚
688 1832 838 1878 Gesbtze)
857 1846 900 1870 zu
918 1835 1137 1879 subficmt'ren,
1160 1839 1193 1872 d.
1216 1837 1250 1872 h.

128 1915 151 1935 „
174 1902 216 1925 zu
231 1890 406 1934 bestimmen
419 1894 461 1926 ob
471 1900 568 1926 etwas
589 1891 830 1935 dartmterstehe
859 1893 933 1926 oder
959 1892 1079 1928 nicht?
1149 1888 1250 1929 Transs

120 1946 352 1990 fhendentalem
397 1955 453 1981 aut
496 1948 706 1991 practicalem
747 1974 770 1992 „
787 1947 893 1993 sbfi’rn
911 1949 956 1993 sie
974 1949 1038 1995 sich
1074 1950 1178 1985 damit
1199 1952 1253 1985 be-

129 2031 151 2049 „
168 2002 346 2047 sclzizfiiget
361 2029 371 2044 ‚
404 2003 602 2045 lzandlungen
640 2006 674 2036 in
711 2015 849 2041 concreto
877 2014 973 2040 unter
994 2007 1045 2040 die
1071 2008 1254 2050 allgemeine

129 2087 152 2105 „
174 2059 355 2102 Practtfilze
377 2059 496 2102 Regeln
523 2071 565 2093 zu
584 2058 784 2103 subsumiren
799 2088 810 2103 ‚
847 2064 914 2098 und
937 2075 980 2098 zu
1007 2063 1182 2108 hestimmen
1212 2066 1250 2099 ob

131 2143 154 2161 ‚,
169 2117 212 2163 sie
239 2115 410 2150 Moralisch
433 2115 522 2149 recht
541 2117 615 2149 oder
642 2118 775 2153 unrecht
785 2118 895 2163 benJ’

177 2171 241 2217 (1)
266 2172 286 2206 S
302 2183 324 2214 y
338 2183 359 2215 p
374 2172 396 2205 k
411 2181 429 2205 e
445 2182 466 2205 ιι
481 2182 495 2204 s
511 2197 522 2213 ,
545 2174 628 2207 Crit.
651 2174 745 2218 Mag.
771 2176 814 2210 V.
836 2186 870 2218 p.
895 2186 973 2220 373.

178 2226 241 2274 (α)
266 2229 295 2263 K
309 2239 327 2261 a
342 2239 362 2262 n
379 2237 416 2270 t,
437 2229 569 2265 Einleit.
598 2242 660 2266 zur
687 2231 882 2279 Metaphyfik
897 2258 908 2275 ‚
929 2244 964 2277 p.
991 2233 1081 2268 XVI.
