1519 2729
626 168 848 224 (35)

172 321 358 358 arcetum
388 307 506 349 locus
532 307 675 348 deinde
701 307 876 354 calidus,
908 319 1028 360 quem
1057 307 1096 346 in
1126 319 1303 360 corpore

174 382 332 422 obtinet
358 378 634 427 ventriculus3
661 390 702 419 et
732 388 862 419 motus
884 377 1079 419 mirabilis
1097 377 1301 433 perislal-

173 451 308 500 tiens,
339 451 410 503 qui
447 450 646 504 originem
687 447 825 496 ducit,
857 461 878 487 e
908 449 1042 488 tunica
1085 446 1302 487 ventriculi

174 521 433 570 masculari,
466 520 620 572 quippe
648 531 748 572 quae
763 519 903 572 insigni
921 517 1192 559 irritabilitate
1208 530 1306 572 gau-

175 592 270 640 det,
295 602 336 630 et
365 592 444 638 ita,
478 590 685 629 crasfiores
715 588 827 640 chyli
871 600 1005 640 partes
1045 587 1274 640 deprimens
1291 604 1312 636 ‚¹

175 660 342 713 chylum
367 659 479 701 sunul
503 672 649 712 purum
677 659 718 699 in
745 658 976 699 duodenum
1016 658 1158 700 defert.
1212 657 1308 698 His-

176 745 224 772 ce
252 731 533 777 .adiumentis‚
584 742 660 770 nec
701 730 831 770 minus
867 727 989 784 succo
1025 728 1308 783 pancreazico

175 801 359 850 achile,
404 799 519 840 cibus
561 799 782 853 digeritur,
826 810 865 839 et
903 812 976 851 per
1018 799 1174 852 reliqua
1216 809 1307 838 exta

175 883 346 919 vectus.‚
390 872 645 922 quamquam
688 869 805 909 valde
863 869 1038 910 diversus
1090 880 1131 908 et
1171 867 1316 908 multi-

177 940 301 994 plex,
331 930 373 979 in
403 938 612 991 lympham
638 937 919 990 aequabilem,
966 937 1062 978 lacti
1092 937 1177 978 fere
1206 938 1310 977 fimi-

175 1012 279 1059 lcm,
309 1009 367 1049 ad⁴
386 1008 572 1060 corporis
597 1009 860 1048 nutritionem
884 1008 1098 1056 idoneam,
1139 1019 1310 1047 conver-

177 1080 286 1120 titur.
317 1107 362 1116 --
393 1077 474 1118 Sed
501 1077 693 1130 quorsum
721 1076 901 1130 reliquus
935 1088 1148 1130 apparatus
1196 1076 1309 1129 spec·

178 1161 264 1198 tet,
295 1148 402 1190 forte
429 1150 519 1201 quis
550 1159 729 1201 quaerat.
805 1146 1011 1188 Extorum
1061 1146 1310 1200 longitudo,

176 1231 278 1273 quae
319 1219 506 1272 corporis
546 1219 821 1259 extenfitatem
849 1217 975 1257 sexies
1003 1216 1088 1257 fere
1119 1216 1308 1270 superat,

175 1289 394 1330 utilitatem
425 1289 531 1328 haud
560 1291 746 1344 exiguam
776 1288 971 1342 praestare
1000 1287 1185 1336 videtur,
1214 1300 1308 1326 cum

178 1359 407 1412 suppeditet
435 1359 607 1411 spatium
635 1371 676 1399 et
708 1353 865 1412 tempus
890 1358 945 1399 ad
965 1358 1152 1410 chylum‚
1185 1369 1308 1409 quem

178 1428 267 1469 vasa
315 1428 523 1482 superiora
561 1429 742 1469 nondum
791 1428 1121 1479 absorbt1erunt,·
1171 1426 1309 1467 absor-

180 1499 370 1540 bendum.
413 1497 625 1551 Deinceps
649 1498 940 1539 observandum
955 1509 1036 1546 est,
1068 1498 1214 1538 horum
1241 1490 1309 1537 va-⁴

181 1569 315 1609 sorum
369 1567 594 1609 lacteorum
647 1568 803 1608 orificia
860 1568 943 1608 esse
999 1579 1079 1607 tam
1138 1569 1306 1622 exigua,

181 1649 232 1677 ne
284 1639 491 1678 crasfiores
537 1638 649 1690 chyli
694 1650 828 1691 partes
880 1638 1169 1688 admittantur,
1224 1651 1308 1690 quo

185 1706 296 1746 facto
332 1707 452 1747 facile
495 1709 757 1762 impediretur
792 1710 991 1763 sanguinis
1033 1711 1228 1749 circuitus
1268 1719 1312 1749 et

185 1778 307 1818 morti
333 1777 483 1818 subitae
517 1780 800 1820 succumberet
830 1781 982 1828 homo;
1011 1791 1142 1832 neque
1177 1790 1309 1818 tamen

185 1847 382 1900 exiguitas
447 1848 575 1890 ullum
632 1851 746 1891 affert
807 1851 1022 1899 damnum,
1089 1847 1309 1890 multitudo

185 1917 293 1955 enim
328 1916 511 1956 vasorum
542 1917 684 1958 sufficit
717 1920 768 1960 ad
801 1920 912 1972 chyli
957 1921 1159 1961 transitum
1206 1931 1310 1971 quo-

186 1986 313 2034 tidie,
392 1988 513 2039 copia
546 2010 550 2015 -
581 1989 673 2028 satis
749 2003 917 2044 magua,
986 1988 1306 2030 concedendum.

187 2054 338 2105 Porro,
397 2056 544 2098 dact-tus
590 2057 861 2108 mox-aciem,
906 2061 976 2113 qui
1019 2059 1214 2111 chylum„
1265 2068 1310 2100 ut

190 2124 388 2174 diximus,
445 2128 494 2168 ad
548 2142 699 2170 venam·
741 2130 986 2172 subclaviam
1042 2130 1183 2178 ducit,
1235 2129 1310 2168 mi-

191 2195 306 2238 rifico
366 2197 511 2251 pollet>
558 2200 746 2241 artificio.
805 2231 850 2240 ..
907 2201 1013 2241 Cum
1071 2201 1206 2248 enim,
1267 2210 1313 2239 ea

692 2271 728 2312 C
764 2287 785 2312 2
1244 2269 1312 2318 vi,
