1519 2729
552 161 581 224 ζ4
641 173 716 215 105
774 159 799 215 J

102 311 172 349 nes
199 297 420 352 perfectam
449 297 584 339 adesse
610 298 880 344 arbitrentur,
925 294 992 335 alii
1036 293 1102 334 vel
1143 293 1230 335 nul·

104 369 181 411 lam
222 368 367 409 adesse·
401 370 605 409 materiam
660 356 973 419 adspectabilem
1014 364 1234 413 affirment,

103 439 168 493 vel
195 440 312 479 nobis
341 438 388 478 de
420 451 463 479 ea
489 438 591 493 nihil
623 436 803 477 constare
847 435 1009 484 dicant,
1052 432 1116 472 vel
1149 446 1235 484 om7

104 511 168 553 nia
211 509 294 550 fere
337 509 581 549 subiectivae
607 504 815 547 hominum
847 504 1073 546 conditioni
1110 503 1236 543 tribu«

103 590 216 619 entes
272 577 374 618 nihil
432 590 557 630 paene
590 577 793 633 rmateriae
850 574 1090 628 relinquant.
1179 571 1238 613 Hi

112 649 235 703 igitur
270 647 676 700 repraesentationum
721 647 874 687 suarum
903 646 1126 698 originem,
1171 653 1242 684 aut

107 729 157 759 ex
187 717 504 770 repraesentandi
536 716 726 767 facultate
757 715 843 764 sua‚
874 727 940 755 aut
970 713 1133 754 exidea
1154 711 1240 762 Dei

105 788 225 828 nobis
253 787 497 839 conspicua,
530 788 707 834 ducunt
739 796 778 825 et
809 786 902 825 hine
933 782 1237 837 impulsionem,

114 870 230 911 quim
264 857 481 906 sentimus,
518 859 614 898 oriri
642 866 798 907 putant.

117 963 120 969 .
167 925 348 966 Ulterius
392 927 587 979 progressi
631 925 718 964 sunt
747 924 842 972 alii,
886 925 955 976 qui
993 935 1075 964 non
1111 921 1237 962 modo

108 995 490 1047 repraesentationes
533 1006 583 1034 ex
623 993 743 1032 rebus
796 995 970 1034 externis
1026 992 1240 1039 oriundas,-

109 1076 249 1108 verum
280 1075 320 1109 et
358 1075 449 1112 eaS‚
493 1075 594 1116 quae
623 1074 672 1102 ex
714 1061 824 1104 sensu
850 1064 1008 1103 interno
1037 1063 1240 1115 originem

109 1133 291 1185 ducunt,
323 1133 458 1174 adesse
478 1143 660 1186 negant,
689 1132 753 1173 vel
784 1132 833 1172 de
862 1144 940 1183 eo,
972 1132 1070 1185 quid
1099 1142 1241 1172 verum

107 1203 180 1258 fit„
213 1201 311 1254 quid
340 1204 497 1253 minus,
529 1203 571 1243 id
596 1215 656 1244 est
676 1203 724 1244 de
742 1204 920 1255 veritatis
937 1232 949 1251 ,
977 1204 1113 1255 prouti
1137 1199 1239 1242 illud

106 1274 268 1317 vo'carex
297 1284 457 1329 amant,
503 1273 701 1322 criteri0,
734 1272 846 1312 statui
885 1273 1002 1324 posse
1044 1274 1112 1313 vix
1152 1283 1239 1312 cre·

109 1342 221 1386 dunt.
282 1340 338 1382 Hi
385 1341 596 1384 ldealistae
642 1343 829 1384 dicuntur
865 1340 1131 1384 universales:
1176 1340 1240 1382 su-

108 1412 289 1465 periores
319 1410 378 1451 illi
407 1411 608 1463 partiales

167 1472 511 1535 Dogmaticorum
562 1492 602 1521 et
653 1481 945 1535 Scepticorum
991 1482 1155 1522 nomina
1189 1481 1239 1520 iis

117 1550 327 1592 tribuenda
349 1551 449 1605 ¹esse
490 1553 693 1600 arbitror,
738 1565 815 1605 pro
846 1552 1084 1592 certitudine
1115 1552 1241 1592 maio-

112 1623 145 1662 ri
173 1620 237 1661 vel
267 1622 443 1672 minori,
478 1636 596 1675 quam
624 1623 713 1663 suae
751 1621 982 1663 adscribunt
1010 1621 1244 1671 sententiae-7

112 1689 276 1732 Praeter
294 1727 297 1730 .
313 1703 396 1732 rem
431 1691 676 1733 facerem-et
702 1691 821 1732 huius
842 1679 902 1744 §-
924 1692 1124 1742 terminos
1166 1692 1243 1731 mi-

114 1772 266 1815 grarem
285 1789 297 1809 ,
330 1762 356 1802 fi
385 1760 464 1805 hoc
493 1761 590 1802 loco
607 1776 629 1812 ‚⁷
652 1774 720 1803 aut
739 1774 879 1803 omnes
909 1761 1004 1802 illos
1031 1759 1245 1814 recensere

114 1840 309 1877 conarer,
353 1840 420 1870 aut
461 1830 634 1872 infinitas
663 1833 746 1874 fere
762 1845 792 1883 ‚·
819 1834 861 1873 in
899 1844 997 1886 quas
1032 1832 1239 1880 abierunt,

113 1909 248 1951 partes
275 1897 460 1955 indagare
488 1910 528 1939 et
564 1913 796 1956 proponere
830 1901 991 1943 vellem.
1053 1900 1247 1950 Sufficeref

112 1967 294 2027 yicletur,
311 1967 335 2007 fi
352 1967 415 2007 vel
431 1980 584 2020 paucos
599 1984 738 2012 eorum
755 1972 928 2012 indicem
944 2002 957 2021 ‚
989 1983 1031 2012 ut
1048 1973 1122 2021 ita,
1139 1982 1242 2025 quae

114 2036 295 2076 universe
322 2037 370 2076 de
397 2039 446 2077 iis
473 2039 579 2080 dicta
610 2043 781 2092 fint‚‚ea
811 2041 1004 2092 historice
1035 2041 1241 2083 illustrem.

171 2105 276 2148 Cum
317 2108 515 2161 interdum
546 2110 725 2151 sensibus
772 2121 812 2150 et
853 2111 1053 2164 phantasia
1100 2110 1241 2160 fallan-

110 2188 179 2235 tur
212 2177 425 2228 homines‚
475 2191 568 2221 cum
617 2180 790 2232 demde,
836 2169 954 2235 quid,
1001 2182 1043 2222 in
1082 2192 1240 2235 reprae-

1155 2250 1239 2292 sen-
