1519 2729
692 171 913 228 (96)

255 311 413 365 liusque
453 308 734 358 commendat,
770 309 959 353 adhibitis
1001 311 1188 352 omnibus
1203 332 1230 359 ,κ
1260 308 1367 366 quosl

253 382 296 422 in
325 381 472 435 plantis
501 380 708 420 observare
731 377 856 429 licet,
899 380 1224 430 characteribus,
1269 392 1364 434 pro·

253 450 517 505 prietatibus,
558 447 877 502 utilitatibusque
919 450 1195 503 cujuscunque
1251 446 1365 489 natu-

254 532 349 570 rae,
388 520 515 573 iisque
558 518 661 558 inter
701 516 740 557 se
781 518 969 568 collatis,
1013 519 1118 559 unde
1147 518 1244 572 quid
1274 531 1363 571 per-

255 589 355 631 fecti
379 601 419 631 et
448 588 556 629 omni
578 599 601 627 a
626 598 737 640 parte
765 586 938 628 absoluti
969 589 1064 628 oriri
1077 588 1223 629 debere
1241 618 1254 637 ,
1284 589 1365 641 pri-

254 666 325 700 mo
351 659 570 712 adspectu,
598 656 667 697 vix
695 655 954 697 dubitandum
985 657 1153 698 videtur.
1215 657 1366 698 Verum

254 730 362 768 enim
389 740 515 774 vero,
544 737 589 768 ut
611 727 853 775 tentamina,
899 738 1000 778 quae
1028 725 1096 766 tali
1126 727 1269 780 agendi
1306 739 1367 766 ra-

255 799 357 839 tioni
391 797 640 845 innituntur,
689 795 808 836 finem
835 797 1058 849 attingant,
1089 795 1250 836 necesse
1278 807 1366 841 est,

253 877 299 908 ut
330 867 490 915 omnia,
533 877 635 918 quae
673 876 723 905 ex
761 865 836 906 hac
875 863 1070 905 methodo
1099 865 1140 904 in
1179 866 1368 906 universis

252 936 400 990 plantis
441 933 684 975 observanda
718 945 758 974 et
796 933 1062 986 comparanda
1102 934 1220 984 sunt,
1263 935 1368 975 bene

253 1015 447 1053 noscere,
506 1003 772 1058 dignoscere,
833 1003 1052 1056 dijudicare
1102 1015 1142 1043 et
1193 1002 1366 1058 invicem

254 1075 440 1116 conferre
465 1073 586 1113 nobis
610 1072 743 1113 iic'eat.
817 1071 925 1112 Hinc
951 1084 1080 1112 tamen
1111 1072 1279 1113 humana
1311 1085 1368 1113 te-

254 1145 384 1185 nuitas
424 1154 464 1183 et
504 1141 762 1183 imbecillitas
799 1140 921 1195 louge
946 1141 1076 1181 adhuc
1105 1142 1247 1189 abest,
1290 1153 1365 1183 nee

253 1225 428 1266 unquam
493 1211 571 1252 sese
634 1211 713 1252 hue
781 1223 907 1264 usque
985 1210 1125 1251 efferre
1202 1213 1365 1263 poterin

254 1283 464 1338 Quaenam
511 1292 597 1329 est,
649 1291 693 1320 ut
731 1280 967 1333 quibusdam
1006 1279 1201 1333 exemplis
1253 1292 1364 1329 utar,

253 1354 357 1393 ratio
399 1354 747 1395 interlnumerum
779 1351 1001 1402 piantarum
1028 1326 1367 1403 iudagararunfflaet

254 1433 336 1461 non
362 1421 659 1475 indagatarum‚
692 1420 942 1472 cognitarum
968 1429 1008 1458 et
1038 1420 1366 1471 incognitarum?

256 1490 463 1545 Quantum
492 1501 580 1539 est,
623 1489 734 1541 quod
763 1489 962 1528 nescimus
994 1487 1041 1527 de
1073 1489 1163 1540 ipiis
1190 1489 1363 1541 plantis,

257 1573 358 1613 quae
391 1559 539 1600 nostris
581 1557 649 1598 sub
683 1556 812 1597 oculis
839 1558 1020 1609 quotidie
1058 1556 1140 1596 fere
1180 1569 1375 1601 crescunt,

255 1640 304 1669 ee
334 1627 597 1669 decrescunt?
642 1625 774 1680 Quam
819 1628 949 1666 variae
993 1618 1247 1680 diversaeque
1279 1627 1365 1667 sunt

254 1699 360 1739 inter
387 1697 635 1743 Botanic0s‚
667 1695 858 1736 Medicos
876 1707 917 1735 et
943 1694 1249 1738 Oeconomicos
1277 1699 1366 1750 opi·-

254 1755 397 1809 n'iones
439 1767 488 1809 de
527 1766 757 1813 attributis,
800 1766 870 1813 vi,
901 1765 1221 1819 utilitatibusque
1250 1769 1366 1807 uniu's

254 1838 512 1892 ejusdemque
539 1835 729 1889 plantae?
761 1833 900 1888 Itaque
926 1836 951 1877 fi
982 1847 1155 1888 unquam
1173 1867 1185 1884 ‚
1217 1837 1266 1876 de
1283 1849 1365 1889 quo

257 1920 388 1949 tamen
412 1905 697 1960 desperandum
726 1905 808 1944 esse
831 1905 962 1944 onmia
990 1916 1064 1943 nos
1083 1906 1246 1958 jubent,
1279 1919 1364 1945 cer-

255 1989 292 2017 te
333 1979 373 2016 in
413 1988 490 2018 tam
534 1976 607 2016 hac
649 1986 699 2014 ex
738 1985 850 2027 parte
889 1973 1129 2026 imperfecto
1177 1974 1363 2016 scientiae

255 2046 472 2088 Botanicae
500 2044 633 2093 statu5
660 2042 908 2085 clasfificatio
931 2042 1153 2096 plantarum
1170 2074 1182 2089 ‚
1213 2056 1260 2083 ex
1277 2046 1364 2084 uni·

252 2114 371 2157 verfis
425 2126 558 2155 earum
615 2113 930 2166 proprietatibus
985 2113 1159 2153 derivata
1236 2115 1363 2166 iisque

253 2184 514 2241 superstructa
543 2183 837 2231 conficeretur,
875 2193 921 2223 ea
958 2193 1085 2223 tamen
1131 2181 1244 2224 nullo
1275 2196 1363 2224 mo-

1310 2263 1362 2292 uO
