1519 2729
729 203 865 259 (28
924 205 967 283 >p

275 333 490 377 methodos
532 347 592 377 est
631 337 848 382 referenda.
921 342 1045 396 Ipfius
1081 354 1211 384 autem
1257 356 1385 398 opus,

273 414 318 443 ut
349 405 482 445 obiter
523 405 603 446 hoc
646 420 860 461 moneam,
904 413 1016 454 valde
1060 413 1295 454 laudandum
1325 427 1385 455 est

271 482 441 525 propter
467 486 651 529 magnum
679 491 884 522 numerum
925 486 1087 524 iconum
1131 483 1382 536 plantarum,

267 553 359 582 ante
403 556 493 584 eum
536 557 616 585 non
644 547 920 602 depictarum
952 553 1018 594 sed
1047 553 1260 599 dolendum
1287 565 1379 602 est,

268 608 514 654 Hillium
550 615 772 668 supremum
809 621 913 662 diem
945 623 1116 671 obiisse,
1163 634 1397 675 antequam-

268 691 427 723 omnem
455 683 561 725 suam
588 688 822 729 methodum
849 691 890 730 in
920 691 1052 733 lucem
1083 693 1283 733 edidisset.

726 827 752 880 §
782 828 895 870 XXI.

316 957 413 1000 Non
442 970 654 1006 contentus
680 969 989 1019 tentaminibus‚
1022 983 1121 1023 quae
1146 970 1307 1025 Magn
1326 983 1370 1011 o-

259 1025 339 1068 liu
356 1042 398 1078 s,
429 1030 529 1080 Lin
546 1046 570 1073 n
586 1047 607 1073 a
623 1048 684 1075 eu
701 1049 718 1075 s
747 1036 894 1090 aliique
909 1040 957 1078 ad
986 1040 1143 1080 01dines
1169 1041 1232 1080 vel
1256 1040 1371 1081 fami-

258 1092 330 1135 lias
360 1100 554 1141 naturales
577 1104 867 1147 constituendas
884 1107 1087 1158 fecerant,
1120 1121 1159 1149 et
1183 1112 1369 1163 opinatus

255 1163 337 1205 alio
375 1169 498 1210 modo
535 1171 693 1213 facilius
722 1177 957 1217 methodum
983 1179 1200 1219 naturalem
1231 1180 1368 1231 quaeri

256 1235 461 1289 condique
519 1242 665 1293 posse,
747 1244 1010 1287 Michael
1066 1247 1364 1296 Adanson‚

254 1303 370 1345 aliam
413 1309 516 1350 viam
558 1312 784 1366 inglessus,
825 1327 971 1356 novam
1009 1317 1221 1369 proposuit
1250 1318 1364 1358 theo-

253 1372 351 1416 riam
389 1376 555 1431 eamque
599 1383 639 1421 in
679 1396 801 1437 opere
845 1385 938 1433 suo,
971 1386 1124 1439 saepius
1164 1388 1244 1441 jam
1281 1387 1365 1428 lau·
1397 1410 1412 1416 ψ

253 1440 376 1493 dato,
409 1458 499 1487 cum
531 1451 700 1503 publico
730 1456 1045 1496 communicavit
1074 1454 1169 1508 (1).
1225 1503 1230 1506 ,

309 1512 462 1556 Adan
480 1518 602 1559 son
592 1534 674 1562 xus
707 1536 852 1577 nempe
880 1536 1084 1574 autumat,
1117 1538 1255 1567 omnes
1280 1539 1364 1568 me-

251 1580 428 1634 rhodos,
460 1599 481 1626 a
510 1588 715 1632 Botanicis
743 1606 832 1634 ante
865 1606 954 1634 eum
985 1595 1025 1634 in
1053 1595 1186 1636 lucem
1227 1596 1362 1650 prola-

250 1661 307 1691 tas
324 1682 337 1701 ,
368 1660 651 1701 enumerandas
680 1674 719 1703 ct
743 1663 1005 1704 conferendas
1031 1665 1112 1705 esse
1130 1696 1142 1716 ‚
1188 1666 1264 1707 five
1304 1667 1362 1707 se-

247 1723 420 1764 cundum
457 1739 604 1778 uuum,
651 1733 728 1772 five
771 1732 985 1774 secundum
1024 1735 1241 1776 nonnullos
1267 1734 1361 1777 cha-

246 1801 419 1833 racteres
448 1795 597 1838 fuerint
625 1799 851 1853 dispofitae.
911 1802 1023 1846 Haec
1065 1816 1194 1846 tamen
1223 1806 1360 1859 dispo-

247 1860 336 1902 fitio
362 1864 433 1916 ipfi
464 1866 544 1907 visa
575 1880 634 1909 est
666 1884 756 1911 cum
787 1874 924 1914 natura
951 1875 1081 1915 minus
1111 1878 1357 1926 convenire,

243 1941 363 1985 atque
389 1935 476 1988 ejus
504 1936 601 1978 Ioco
632 1939 750 1981 talem
776 1941 1007 1984 laudandam
1051 1943 1133 1985 esse
1176 1947 1355 1996 censuit,

243 2013 345 2054 quae
399 2004 584 2057 pluribus
623 2009 922 2054 characteribus
961 2014 1193 2064 innitatur.⁴
1238 2014 1361 2059 Hanc,

1299 2085 1353 2126 ob

285 2157 349 2204 (1)
374 2162 414 2198 M
430 2164 440 2197 i
455 2174 473 2198 c
488 2166 519 2201 h.
556 2169 586 2202 A
600 2168 620 2202 d
635 2180 652 2203 a
666 2180 686 2204 n
700 2172 744 2206 so
757 2181 777 2205 n
793 2196 803 2213 ‚
835 2173 976 2208 Familles
1001 2174 1052 2208 des
1073 2174 1203 2208 Plantes
1219 2199 1228 2214 ‚
1267 2174 1354 2208 Paris

244 2218 339 2271 1753.
