1519 2729
667 140 917 197 (136)

236 287 278 321 et
319 281 537 329 virtutem,
584 278 632 320 ad
662 293 781 333 quem
824 283 956 330 omnia
995 280 1189 330 tendunt,
1231 279 1367 322 adesse

181 350 183 353 ’
235 362 316 391 non
338 351 519 404 poterit,
546 349 614 389 nifi
647 349 772 391 homo
797 353 965 406 gaudeat
993 351 1177 392 libertate
1194 351 1365 392 morali:

233 420 342 461 nulla
368 421 442 460 erit
470 421 594 460 virtus
620 419 790 474 humana
818 423 885 462 vel
912 422 1144 475 praestantia
1169 420 1334 461 moralis
1350 451 1364 471 ‚

231 492 303 532 nifi
335 491 488 539 homo,
531 502 613 530 non
655 491 780 532 modo
821 493 870 533 ad
910 494 1063 545 optima
1093 492 1257 544 quaevis
1285 490 1368 532 sese

229 561 318 614 ipse
366 560 564 608 evehere,
610 560 676 600 sed
714 573 754 601 et
807 563 845 602 in
883 562 1025 603 malam
1076 573 1229 615 partem
1281 561 1369 601 abi·

230 643 276 672 ⁴re
345 643 465 683 atque
510 631 626 670 'vitia
710 632 965 671 committere
1039 632 1178 684 posfit.
1248 660 1249 665 ,
1279 629 1369 672 Ho-

230 713 303 741 -mo
347 700 422 755 hac
462 699 647 740 libertate
689 698 802 752 saepe
845 700 1052 749 abutitur,
1094 700 1199 741 unde
1242 701 1369 741 oritur

229 770 381 811 malum
424 769 600 818 nioraleg
653 767 774 822 culpa
817 778 948 810 autem
989 770 1143 810 homini
1195 770 1268 822 ipfi
1309 780 1370 809 est

200 839 472 887 tribuenda,
515 844 612 879 ‘cum
650 838 817 880 meliora
857 840 1119 892 probaverit,
1170 839 1370 880 deteriora

231 909 421 962 sequutus
463 908 537 958 fitt,
578 907 712 963 legem
744 910 850 949 enim
893 911 1115 962 practicam
1159 908 1367 964 neglexit,

232 990 274 1018 et
328 980 384 1019 ita
438 977 655 1019 infelicitas
709 977 887 1032 sequitur
918 978 1136 1020 .11bertatis
1187 977 1367 1020 abusum'.

233 1047 339 1103 Quis
394 1059 556 1097 autem,
602 1049 627 1088 fi
671 1048 827 1089 causam
875 1040 1045 1090 nostran]
1083 1049 1138 1089 ita
1185 1059 1369 1090 contem-

232 1118 410 1171 pletur,-
428 1117 492 1159 vel
521 1117 569 1161 de
599 1117 682 1159 Dei
711 1119 922 1160 existentia
954 1118 1184 1168 dubitabit,
1226 1117 1292 1159 vel
1320 1118 1370 1159 de

232 1188 380 1229 iustitia
407 1189 524 1230 eius?

289 1259 347 1299 At
372 1271 471 1299 vero
500 1258 646 1312 aliquis
675 1258 843 1301 fortasse
872 1260 1072 1312 opponitz
1106 1257 1131 1298 fi
1157 1258 1368 1300 adfitcon—

232 1327 365 1369 sensus
407 1327 645 1370 felicitatem
675 1330 780 1370 inter
805 1340 846 1370 et
874 1330 1091 1378 virtutem,
1136 1341 1258 1382 quare
1292 1329 1368 1369 bo-

233 1398 295 1438 nis
325 1398 423 1438 viris
453 1397 556 1438 mala
583 1399 809 1441 accidunt?

229 1490 231 1492 ·
292 1465 448 1522 Quodfi
476 1468 584 1509 bona
610 1470 808 1510 continuo
847 1469 1166 1510 concederentur
1202 1469 1368 1516 virtuti,

234 1548 446 1579 aerumnae
463 1538 721 1590 sequerentur
736 1539 833 1578 vitia
847 1568 859 1587 ,
892 1538 1012 1579 facile
1029 1538 1154 1579 homo
1177 1540 1382 1579 virtutem·

203 1623 206 1625 ·
234 1618 405 1662 propter
435 1609 558 1661 ipsam
585 1610 773 1651 virtutem
801 1609 906 1649 haud
934 1608 1118 1657 coleret,
1159 1608 1225 1649 sed
1251 1620 1366 1661 prae-

235 1679 305 1718 mii
349 1677 464 1719 causa
492 1680 679 1720 virtutem
710 1690 932 1732 appeteret*
957 1690 997 1718 et
1040 1690 1195 1731 poenae
1225 1678 1370 1718 timore

236 1748 334 1788 vitia
361 1759 556 1795 metueret
573 1777 586 1797 ‚
629 1749 740 1802 quod
766 1749 958 1803 profecto
985 1749 1162 1789 hominis
1198 1748 1370 1803 dignita-

238 1828 316 1858 tem
350 1817 466 1858 valde
494 1818 700 1859 deiiceret.

228 1913 232 1922 0
291 1886 500 1937 Praeterea
527 1888 922 1931 animadvertendum
949 1900 1037 1936 est,
1074 1900 1207 1929 veram
1235 1886 1369 1928 felici-

234 1968 356 1999 tatem
388 1958 471 1998 esse
501 1959 693 2000 internam
711 1990 724 2010 ,
756 1972 795 2000 et
824 1961 944 2015 rebus
973 1960 1148 1999 externis
1171 1970 1252 1998 non
1267 1957 1369 1997 adeo

235 2029 418 2075 moveri,
462 2038 506 2068 ut
542 2041 591 2069 ex
634 2030 682 2069 iis
722 2030 886 2083 prorsus
926 2028 1111 2082 pendeat.
1197 2026 1367 2068 Homini

234 2097 449 2149 perverso,
484 2088 508 2138 'fi
536 2097 698 2140 fortuna
724 2100 885 2141 adversa
912 2111 1003 2140 eum
1031 2099 1204 2150 affligat,
1236 2097 1260 2136 fi
1293 2084 1370 2136 ho-¹

237 2178 357 2207 nores
398 2167 637 2222 divitiasque
677 2170 848 2224 perdat,
911 2169 980 2210 vix
1022 2167 1149 2208 ullum
1188 2165 1367 2221 superest

1304 2236 1366 2277 so-
