1519 2729
700 138 923 197 (36)

244 279 306 328 vi,
332 290 410 331 qua
436 278 598 318 arteriae
628 288 815 329 utuntur,
845 278 1052 320 destitutus
1082 279 1149 329 fit,
1191 278 1241 320 ad
1270 278 1370 332 chy-

241 347 325 388 lum
352 349 393 388 in
421 347 545 387 altum
572 348 823 396 vehendum,
846 350 1049 402 praeditus
1072 361 1132 390 est
1162 350 1261 390 serie
1285 347 1372 389 val-

239 429 377 458 varum
394 448 407 467 .,
451 430 552 470 quae
577 417 729 458 sursum
759 421 994 471 aperiuntur
1011 450 1024 469 ‚
1057 431 1097 459 et
1125 431 1176 459 eo
1206 418 1371 460 inservi÷

239 498 311 528 unt
328 517 340 536 ‚
372 499 416 528 ut
443 487 633 528 evehatur
662 487 809 539 chylus
828 489 1019 531 *et-fimul
1045 489 1195 530 reditus
1215 489 1372 542 semper

238 557 492 610 impediatur.
535 555 938 607 Animadvertamus,
971 558 1111 611 quod,
1149 560 1175 599 fi
1203 556 1268 598 vel
1296 558 1370 597 mi-

236 627 367 666 nimae
397 626 515 666 huius
540 625 755 666 structurae
786 638 918 680 partes
935 657 948 676 ,
976 639 1016 666 v.
1032 640 1069 667 c.
1085 626 1224 667 valvae
1245 626 1368 676 istae,

237 695 444 743 deessent,
476 706 633 734 caetera
660 697 794 735 omnia
832 708 931 735 vana
957 696 1101 736 essent
1128 707 1169 735 et
1196 695 1368 741 inutilia.

237 763 431 816 Denique
448 794 461 812 ,
520 765 702 816 quamvis
754 767 887 817 primo
944 766 1092 806 obtutu
1146 766 1367 813 miremur,

234 834 401 885 chylum
433 836 472 874 in
505 835 664 875 cervice
710 835 868 875 tandem
908 847 1001 876 cum
1034 834 1223 889 sanguine
1252 847 1367 875 com-

235 906 422 954 misceri,
465 905 604 944 seriori
646 915 777 944 tamen
820 903 1367 957 observationeeffecerunt

232 987 363 1014 rerum
390 975 510 1027 periti
527 1004 539 1023 ‚
583 987 725 1014 venam
751 975 998 1015 subclaviam
1028 975 1131 1015 hanc
1160 973 1365 1027 amplam,

232 1055 362 1098 prope
392 1045 594 1084 cervicem
632 1043 905 1090 collocatam,
947 1044 1030 1085 esse
1061 1056 1180 1097 quam
1210 1044 1363 1096 aptisfi·

233 1126 337 1154 mam
358 1124 399 1154 et
427 1126 521 1166 prae
545 1114 712 1153 caeteris
747 1125 1021 1167 opportunam
1047 1113 1098 1154 ad
1126 1113 1292 1165 chylum
1316 1114 1362 1178 Q-

229 1183 314 1224 mul
343 1196 436 1225 cum
463 1184 651 1238 sanguine
678 1183 727 1223 acl
755 1197 829 1223 cor
855 1179 1042 1224 'nostrum
1071 1183 1318 1225 ducendum.

289 1253 345 1294 Et
381 1254 433 1295 fic
463 1250 584 1293 facile
612 1253 823 1301 videmus,
856 1264 958 1306 quot
987 1265 1217 1307 quantaque
1246 1265 1361 1306 prae-

231 1323 356 1371 stent,
389 1334 468 1363 tam
507 1322 681 1376 singulae
724 1324 870 1364 horum
912 1335 1177 1377 organorum>
1196 1336 1359 1376 partes,

231 1403 349 1448 quam
368 1403 507 1433 omnes
523 1392 656 1441 fimul,
681 1394 846 1445 corpori
870 1392 1045 1432 animali.
1075 1418 1122 1427 -
1152 1392 1358 1434 Vidimus·
1416 1436 1423 1438 ,
1467 1434 1470 1438 ,

217 1470 308 1518 ‘que
336 1464 476 1504 itidem
507 1464 644 1503 miram
674 1462 814 1511 illam,
847 1464 930 1502 imo
961 1473 1001 1501 et
1027 1462 1258 1516 stupendam
1297 1478 1356 1505 ar·

229 1525 338 1583 tem,
370 1547 448 1587 qua
475 1533 548 1582 fit,
580 1545 623 1573 ut
653 1535 767 1586 pueri
797 1544 1008 1580 crescant,
1040 1534 1204 1572 iuvenes
1235 1533 1356 1574 flore-

226 1615 296 1644 ant
323 1606 565 1658 vigeantque
583 1633 596 1652 ‚
626 1605 703 1644 viri
729 1601 920 1656 senesque
943 1601 1226 1652 sustententur,
1250 1603 1356 1643 vires

224 1673 405 1728 perditae
432 1672 696 1713 restituantur.

282 1742 437 1798 Quodfi
480 1743 776 1796 con-spiciamus
815 1729 1029 1783 artificium
1060 1741 1275 1795 pulchrum
1303 1755 1351 1785 ac

228 1809 358 1863 utile,
409 1812 459 1852 ab
516 1812 680 1852 homine
753 1812 1057 1859 constructum,
1099 1812 1216 1853 huius
1267 1815 1351 1854 ani-

226 1884 281 1922 mi
317 1882 433 1922 dotes
473 1883 706 1936 ingeniique
737 1882 948 1924 facultates
975 1881 1195 1937 agnoscere
1225 1895 1347 1923 nemo

225 1953 408 1993 dubitet:
442 1965 564 2005 quare
604 1953 728 2007 igitur
770 1952 1035 2006 pervicaciter
1073 1962 1266 2003 negemus
1306 1961 1348 1989 et

223 2023 420 2063 continuo
454 2022 686 2063 diffiteamur
731 2023 912 2063 ordinem
951 2020 1064 2061 illum
1095 2018 1213 2072 plane
1245 2031 1345 2059 con-

225 2091 437 2144 spicuum,
479 2091 656 2144 finesque
685 2092 734 2132 de
761 2091 950 2144 sapientia
987 2090 1163 2130 auctoris
1205 2090 1344 2142 aperte

229 2160 442 2204 testantes?
501 2158 568 2201 Ad
621 2160 663 2201 id
711 2160 819 2201 enim
869 2158 1186 2212 assequendum,
1230 2159 1343 2213 quod

1275 2241 1340 2269 or-
