1519 2729
688 121 909 180 (76)

257 256 448 314 moralis,
478 273 571 317 prae
603 261 792 304 omnibus
823 261 989 302 caeteris
1017 258 1189 301 sensibus
1218 260 1359 302 iucun-

255 332 357 382 dusr,
393 333 444 375 fin
470 346 566 374 vero
594 335 854 387 repugnantia
880 332 981 388 legis
1004 332 1099 373 adfit
1115 359 1127 379 ‚
1159 341 1242 370 non
1259 341 1360 370 con-

258 413 433 443 temnere
462 404 500 443 se
530 401 862 456 ipsumaliosque
889 415 971 443 non
995 411 1160 456 potest,
1205 410 1245 439 et
1275 398 1362 438 sen-

255 471 298 513 su
351 473 518 513 afficitur
571 473 748 513 omnium
792 473 1026 514 tristisfimo.
1086 471 1248 511 Poenas
1290 467 1362 522 (ut

255 542 470 584 Cicero
499 540 581 594 ait>
612 542 721 590 luit,
765 555 843 582 non
872 550 962 582 tam
990 541 1185 588 iudiciis,
1233 552 1363 594 quum

254 622 303 653 ut
341 625 431 653 eum
467 612 632 666 agitent
671 607 1007 664 insectenturque
1045 608 1238 657 Furiae,
1283 622 1365 649 non

256 680 505 720 ardentibus
532 679 693 728 medis,
719 677 826 732 ficut
849 679 892 719 in
914 677 1109 731 fabulis,
1131 675 1210 732 sed
1235 689 1364 731 ango·
1390 676 1393 682 ⁴

253 761 303 788 re
330 736 604 802 conscientiae
626 747 884 803 fraudisque
915 748 1126 788 cruciatu.
1154 744 1238 798 (1)

312 816 358 856 In
386 817 708 859 adolescentibus
738 819 814 857 iam
853 817 1050 857 habentur
1089 816 1202 856 initia
1247 815 1366 855 huius

254 885 387 927 sensus
411 886 585 928 moralis.
647 887 884 940 Priusquam
928 887 1033 926 enim
1079 885 1205 926 homo
1236 883 1368 926 facul-

254 952 404 996 tatibus
452 956 581 996 valeat
633 956 854 997 moralibus
920 967 1066 1008 easque
1108 955 1365 1004 exercuerit,

255 1025 411 1077 pudore
429 1055 440 1073 ‚
473 1027 542 1078 qui
568 1038 677 1066 recte
706 1026 885 1067 omnium
914 1026 1105 1065 virtutum
1137 1036 1276 1066 custos
1306 1023 1367 1064 di-

255 1096 387 1143 citur,
425 1095 527 1136 affici
568 1095 682 1137 solet.
742 1094 836 1135 Hoc
877 1094 1031 1147 pudore
1073 1094 1264 1147 profecto
1305 1094 1367 1134 ni-

256 1164 315 1205 hil
373 1164 628 1217 praestantius
664 1168 704 1206 in
731 1166 922 1212 homine,
954 1165 1056 1205 nihil
1085 1164 1286 1206 efficacius
1316 1162 1367 1203 ad

255 1234 452 1274 moralem
496 1235 580 1275 eius
622 1246 800 1275 naturam
850 1234 1137 1284 exserendam,
1195 1243 1368 1286 eamque

253 1302 528 1354 probandam!
561 1302 814 1345 Provectiori
843 1316 940 1345 vero
969 1315 1127 1352 aetate,
1160 1315 1251 1343 cum
1285 1313 1368 1341 ma-

253 1373 317 1426 gis
347 1372 508 1412 exculta
538 1374 582 1413 fit
621 1375 724 1414 ratio
755 1385 795 1414 et
828 1374 1051 1414 theoretica
1091 1384 1131 1413 et
1159 1363 1367 1425 practica,

255 1443 382 1495 magis
423 1441 503 1482 sese
541 1441 744 1494 explicare
789 1442 934 1496 incipit
974 1443 1041 1482 hic
1079 1442 1237 1492 sensus;
1284 1454 1368 1495 quo

255 1513 383 1565 magis
410 1513 516 1552 enim
547 1513 712 1552 rationis
751 1523 832 1564 ope
874 1513 1199 1552 convenientiam
1238 1512 1399 1552 cernit‘

253 1581 360 1621 inter
390 1580 522 1635 legem
566 1580 790 1630 moralem,
828 1593 851 1621 a
893 1583 1049 1621 ratione
1085 1582 1266 1635 practica
1294 1593 1368 1622 vo-

255 1650 398 1691 luntati
427 1650 514 1691 suae
545 1652 796 1703 impositam,
842 1661 893 1690 eo
935 1651 1060 1704 magis
1095 1662 1260 1704 quoque
1284 1652 1369 1696 ani-

256 1720 468 1762 madvertit
493 1721 794 1768 conditionem,
820 1719 860 1758 in
878 1732 955 1772 qua
969 1719 1167 1769 versatur,
1192 1720 1336 1760 laetam
1352 1750 1366 1770 ‚

256 1790 512 1844 tranquillam
537 1803 576 1831 et
603 1791 716 1843 supra
733 1801 895 1830 omnem
921 1789 1213 1843 cogitationem
1232 1802 1369 1830 amoe-

254 1873 360 1902 nam.
404 1858 485 1915 (2)
556 1859 654 1915 Quo
694 1860 820 1914 magis
866 1870 964 1900 vero
991 1858 1204 1901 discrimen
1232 1858 1368 1901 obser·
1432 1853 1436 1857 ’

1133 1922 1137 1925 ’
1272 1930 1365 1979 vat,

268 2044 271 2046 ·
302 2031 365 2076 (ι)
389 2036 417 2068 C
435 2035 443 2065 i
460 2044 489 2067 c.
512 2034 550 2067 de
572 2034 664 2076 Legg.
682 2033 716 2067 Ἰ.
740 2043 772 2066 c.
799 2042 849 2076 14.
978 2049 980 2052 -

302 2087 365 2132 (2)
404 2091 446 2124 G.
484 2091 517 2125 S.
550 2091 570 2124 S
587 2099 599 2124 t
615 2091 693 2124 ein
709 2091 844 2129 bart,
877 2088 958 2123 Leer
977 2090 982 2093 ¹
1000 2088 1058 2122 der
1093 2085 1366 2131 Gelukzaliglzcid,

261 2146 290 2190 g..
320 2154 371 2189 ιζ’.
