1519 2729
691 215 784 268 (
844 215 982 270 66)

283 351 405 394 facile
447 363 508 394 est
549 345 716 394 videre(
763 352 923 396 'Unum
959 354 1177 395 alterumve
1206 348 1404 395 sumamus'

281 421 539 475 exemplum,
572 435 657 478 quo
685 422 841 478 reliqua
869 424 935 466 sua
963 424 1106 478 sponte
1136 423 1344 476 patebunt.

339 489 471 532 Sicuti
499 492 540 532 in
566 504 697 534 rerum
725 496 1002 535 communium
1028 493 1125 534 statu
1156 491 1403 535 observanda

287 569 374 611 erat
429 561 647 614 aequalitas
685 561 909 615 quaedam,
952 574 997 604 ut
1036 562 1130 603 huic
1160 574 1241 602 non
1273 563 1404 605 minus

284 640 404 682 quam
434 629 548 670 alteri
574 631 694 671 rebus
722 630 804 671 illis
832 632 1115 672 communibus
1143 633 1204 672 uti
1231 630 1403 681 liceret,

296 699 380 746 ita,
407 699 642 740 introducto
671 699 854 740 dominio
871 731 884 750 ‚
907 701 1006 742 haec
1036 701 1142 754 quast
1160 699 1329 740 societas
1344 702 1404 740 in-

280 777 341 807 ter
370 766 556 808 dominos
584 779 800 810 contracta
828 779 917 819 est,
948 780 992 810 ut
1022 770 1092 823 qui
1121 781 1205 810 rem
1232 769 1402 811 alienam

280 835 448 877 haberet
476 837 518 877 in
559 836 625 879 sua
663 849 895 892 potestate,
938 851 1026 880 eam
1068 838 1236 879 domino
1263 838 1404 879 redde-

279 916 342 949 ret
369 903 464 958 (1).
523 904 633 948 Hinc
669 903 734 962 jus
760 908 963 962 quoddam
1007 897 1190 949 domino³
1209 909 1338 949 oritur
1380 919 1404 948 e

278 986 514 1026 contractu,
540 975 610 1021 ,sua
622 976 738 1025 alteri
753 978 933 1019 tradendi
949 975 1052 1032 (2),
1083 989 1123 1019 et
1143 979 1182 1019 vi
1197 977 1404 1032 repetendi

281 1056 356 1094 ea,
381 1044 564 1098 quae-sua
578 1046 679 1087 sunt.
708 1067 754 1076 —
784 1046 892 1089 Huic
917 1049 956 1088 vi
978 1047 1156 1088 resistere
1180 1047 1296 1088 alteri
1320 1059 1404 1088 non

281 1113 380 1156 licet
398 1144 411 1164 ‚
450 1116 476 1156 fi
506 1115 690 1158 utilitatis
718 1116 889 1171 alicujus
918 1117 1034 1159 causa
1059 1117 1124 1158 vel
1169 1129 1214 1159 ut
1242 1119 1403 1161 incom-

281 1184 402 1226 moda
428 1186 565 1240 gravia
587 1186 784 1237 vitentur,
815 1186 1052 1229 adhibeatur
1077 1183 1172 1240 (3).

332 1252 401 1295 ·Ea
428 1255 552 1309 igitur
578 1256 638 1295 vis
660 1256 767 1309 justa
793 1267 875 1296 non
904 1267 965 1296 est
981 1285 994 1305 ‚
1022 1268 1124 1309 quae
1139 1255 1323 1297 societati
1340 1266 1402 1295 re·

278 1335 462 1379 pugnat,
495 1324 536 1365 id
561 1336 650 1373 est,
681 1338 783 1378 quae
808 1324 873 1380 jus
899 1324 1073 1366 alienum
1119 1323 1259 1374 tollit:,
1307 1337 1401 1365 nam

279 1392 480 1443 societas,
512 1394 643 1447 inquit
672 1392 782 1449 (4),
814 1406 865 1435 eo
893 1395 1045 1444 tendit,
1088 1406 1133 1435 ut
1166 1395 1277 1436 suum
1316 1395 1403 1436 cui-

280 1474 360 1516 que
388 1461 536 1503 salvum
562 1464 607 1504 fit
634 1465 840 1505 communi
868 1477 947 1516 ope
985 1476 1032 1505 ac
1076 1465 1401 1517 conspiratione;

279 1544 363 1573 non
406 1543 466 1572 est
507 1532 630 1586 igitur
672 1530 752 1585 (5)
809 1544 951 1574 contra
989 1533 1191 1575 societatis
1221 1545 1402 1575 naturam

283 1602 357 1644 fibi
388 1600 619 1654 prospicere
644 1614 764 1655 atque
801 1602 1037 1653 consulere,
1081 1603 1174 1644 dum
1204 1604 1269 1658 jus
1305 1602 1402 1644 alie-

280 1683 376 1715 num
407 1683 490 1712 non
517 1671 706 1721 tollatur3
737 1685 782 1713 ac
806 1673 976 1724 proinde
1000 1685 1075 1713 nec
1100 1673 1161 1712 vis
1177 1703 1190 1721 ‚
1219 1684 1322 1726 quae
1335 1672 1401 1726 jus

280 1740 444 1782 alterius
472 1753 554 1780 non
579 1740 731 1790 violat,
773 1741 918 1795 injusta
947 1752 1020 1782 est.
1051 1764 1096 1772 -
1126 1740 1402 1795 Caeteroquin

281 1822 415 1854 autem
455 1811 624 1853 maxima
653 1811 745 1855 inde
788 1810 1018 1867 sequeretur
1052 1811 1246 1858 scelerum
1275 1811 1401 1857 licen-

1319 1881 1399 1932 tia,

324 1958 391 2006 (1)
416 1959 493 1993 Lib.
516 1959 560 1993 11.
583 1967 617 1992 c.
644 1967 694 1998 10„
718 1958 736 2002 §
765 1968 794 1993 1.
817 1959 863 1994 N.
886 1969 920 1996 2.

326 2015 391 2061 (2)
417 2015 501 2050 lbid.
523 2015 570 2049 N.
592 2026 627 2060 4.

324 2072 389 2118 (3)
411 2073 498 2107 Prol.
520 2081 577 2115 41.
603 2072 642 2105 de
668 2072 865 2116 Obligatione
882 2070 1046 2115 Persbnae.
1074 2071 1173 2111 Conf-
1208 2070 1261 2108 de
1284 2071 1314 2107 C
1329 2080 1402 2110 σοι·

284 2137 306 2165 ²
322 2139 390 2228 ΞΒ
405 2129 544 2217 ‚Lib-tlt
563 2137 604 2217 c⁷
623 2194 655 2220 2.
679 2186 697 2231 §
725 2195 763 2236 ι.4
777 2184 824 2224 N.
847 2193 880 2230 5.

324 2237 388 2289 (5)
412 2238 499 2276 thid.
522 2239 568 2275 Ν.
590 2239 624 2276 6.
