1519 2729
569 122 796 181 (39)

123 275 263 307 revera
298 263 339 304 in
369 274 602 305 mucronem
624 256 794 306 ⁴acutum
834 260 1003 312 definit,
1045 259 1107 303 uti
1133 260 1248 304 vide-

124 347 167 376 re
192 344 254 375 est
276 332 383 386 apud
412 332 770 375 Bremserum
799 331 903 374 Tab.
934 344 972 387 3.
996 330 1064 387 fig.
1097 343 1132 372 1.

182 401 731 445 Leeuwenhoekius
785 414 953 457 quoque
993 410 1128 443 narrat
1166 396 1250 454 (1)

125 471 177 515 de
203 471 405 521 Medico,
435 473 560 513 vermi
594 472 792 526 quaedam
826 471 996 527 analoga
1035 471 1251 526 ejiciente,

127 554 229 596 quae
254 552 388 595 partes
409 541 533 583 fuisse
560 542 661 584 dicit
688 540 1038 588 Lumbriciblati.

182 611 359 653 Plurima
400 609 438 652 T
434 613 587 655 aeniae
615 612 772 662 frusta,
813 625 889 654 nec
930 622 1015 652 non
1052 611 1249 664 integram

124 680 289 735 Ruys
298 681 463 724 chius
521 684 564 724 in
605 683 684 725 suis
721 680 951 739 Thesauris
990 680 1030 721 se
1065 679 1250 722 habuisse

125 753 208 793 ait:
1207 809 1209 811 .

183 819 425 875 Thesaurus
456 834 496 873 4.
535 820 593 863 N.
625 825 696 879 85.
781 853 811 877 „
839 822 984 865 Portio
1012 821 1159 862 vermis
1181 818 1254 861 lati

123 901 166 932 et
193 890 394 931 articulati
424 890 575 944 liquori
600 895 783 935 innatans
811 906 862 936 ex
891 890 1103 934 homine.”
1136 912 1139 916 <

182 959 221 1002 T
216 957 301 1015 lzefi
347 962 385 1003 8.
431 960 490 1003 N.
519 971 589 1016 77.
665 990 694 1015 „
725 961 980 1004 Lambricus
1024 962 1140 1003 latus
1181 959 1255 1002 ali·

124 1041 228 1086 quot
256 1030 370 1072 ulnas
394 1030 573 1086 longus,
607 1042 651 1072 et
674 1032 719 1072 in
747 1031 909 1085 liquore
949 1029 1254 1073 conservatus-‚⁹'

187 1097 307 1156 Theſs
355 1115 418 1143 10.
457 1100 517 1143 N.
553 1103 646 1155 158.
705 1130 735 1156 „
764 1099 908 1144 Porti'o
938 1102 1086 1143 vermis
1111 1099 1182 1142 lati
1210 1100 1254 1140 in

125 1168 285 1224 liquore
311 1170 584 1213 conservati.’'

184 1239 329 1281 Catal.
357 1239 474 1282 Rar.
499 1254 593 1295 pag.
629 1242 722 1284 168.
750 1239 808 1281 N.
831 1241 869 1283 8.
920 1260 958 1294 =‚‚
988 1239 1129 1282 Phiala
1156 1251 1253 1294 por-

127 1310 280 1350 tionem
309 1307 535 1353 Lumbrici
562 1311 647 1353 lati
674 1312 717 1352 in
744 1310 906 1369 liquore
934 1310 1195 1353 continens.'’

183 1377 236 1418 A.
265 1379 331 1420 de
362 1379 546 1421 Heide
575 1377 656 1434 (2)
687 1379 726 1421 T
722 1382 895 1423 eteniam
929 1383 1103 1423 examini
1142 1382 1254 1422 Ana-

128 1448 287 1489 tomico
326 1449 499 1504 subjecit
539 1461 580 1490 et
623 1450 736 1506 seqq.
781 1452 924 1492 tradit:
973 1481 1003 1504 ‚,
1033 1452 1170 1506 puella
1199 1466 1254 1496 20

126 1530 323 1560 annorum
353 1532 425 1572 per
449 1519 618 1574 aliquod
644 1532 801 1575 tempus
829 1533 1040 1578 aegrotans
1057 1554 1070 1572 ‚
1115 1534 1256 1564 excre-

126 1589 186 1629 vit
223 1590 298 1628 tria
338 1588 464 1630 frusta
501 1589 726 1634 Lambrici
766 1592 850 1633 lati
885 1594 1096 1646 aequantia
1141 1591 1257 1633 fimul

126 1657 264 1698 ulnam
292 1670 410 1699 unam
440 1671 481 1700 et
511 1659 636 1711 semi;
668 1661 898 1718 longiorem
926 1664 1158 1716 portionem
1181 1675 1258 1715 po-

132 1727 296 1768 tuissem
340 1729 577 1779 extrahere,
621 1732 691 1773 nifi
715 1744 825 1773 metu
852 1731 992 1773 fuisset
1017 1732 1254 1787 prohibita,

129 1799 287 1852 quippe
317 1799 505 1842 intestina
532 1802 749 1855 procidere
780 1803 1085 1858 imaginabatur.
1145 1801 1257 1844 Lati-

1194 1883 1256 1912 tu-

175 1979 240 2027 (1)
264 1980 780 2025 Leeuwenhoekius‚
805 1988 827 2022 1.
847 1986 868 2021 l.
886 1985 987 2030 Epist.
1007 1988 1062 2029 78.
1081 1997 1114 2029 p.
1133 1985 1211 2021 608.

129 2042 134 2045 '
177 2037 241 2082 (2)
265 2040 306 2074 A.
345 2039 366 2073 d
382 2049 401 2073 e
426 2041 458 2074 H
475 2050 492 2074 e
509 2040 554 2075 id
571 2051 589 2074 e
606 2066 616 2080 ‚
639 2042 805 2077 Lambrici
830 2044 893 2077 lati
911 2041 1058 2084 frustum
1081 2043 1256 2077 Excretum

130 2103 164 2130 et
189 2098 331 2130 examini
349 2096 534 2133 Anatomico
555 2097 732 2140 subjectum
747 2124 758 2139 ‚
786 2101 819 2133 in
837 2098 905 2141 suis
918 2100 1150 2145 Expert'mentis
1170 2102 1257 2135 circa

128 2150 297 2197 sanguinis
322 2153 488 2198 missionem
508 2179 520 2196 ,
544 2155 677 2191 Amstel.
708 2157 805 2193 1686.
828 2158 905 2194 8vo.
