<?xml version="1.0" encoding="UTF-8"?>
<!DOCTYPE html PUBLIC "-//W3C//DTD XHTML 1.0 Transitional//EN"
    "http://www.w3.org/TR/xhtml1/DTD/xhtml1-transitional.dtd">
<html xmlns="http://www.w3.org/1999/xhtml" xml:lang="en" lang="en">
 <head>
  <title>
</title>
<meta http-equiv="Content-Type" content="text/html;charset=utf-8" />
  <meta name='ocr-system' content='tesseract 3.04.00' />
  <meta name='ocr-capabilities' content='ocr_page ocr_carea ocr_par ocr_line ocrx_word'/>
</head>
<body>
  <div class='ocr_page' id='page_1' title='image "annalesacademiae22acad_0110.png"; bbox 0 0 1519 2729; ppageno 0'>
   <div class='ocr_carea' id='block_1_1' title="bbox 713 153 939 211">
    <p class='ocr_par' dir='ltr' id='par_1_1' title="bbox 713 153 939 211">
     <span class='ocr_line' id='line_1_1' title="bbox 713 153 939 211; baseline 0 0"><span class='ocrx_word' id='word_1_1' title='bbox 713 153 939 211; x_wconf 83' lang='lat'>(68)</span> 
     </span>
    </p>
   </div>
   <div class='ocr_carea' id='block_1_2' title="bbox 250 291 1397 2304">
    <p class='ocr_par' dir='ltr' id='par_1_2' title="bbox 251 291 1392 918">
     <span class='ocr_line' id='line_1_2' title="bbox 258 291 1385 349; baseline 0 -12"><span class='ocrx_word' id='word_1_2' title='bbox 258 296 381 338; x_wconf 62' lang='lat' dir='ltr'><strong>timis</strong></span> <span class='ocrx_word' id='word_1_3' title='bbox 406 306 559 349; x_wconf 86' lang='lat' dir='ltr'><strong>partem</strong></span> <span class='ocrx_word' id='word_1_4' title='bbox 576 319 601 343; x_wconf 56' lang='lat'><strong>‚=</strong></span> <span class='ocrx_word' id='word_1_5' title='bbox 633 298 712 347; x_wconf 82' lang='lat' dir='ltr'><strong>qua</strong></span> <span class='ocrx_word' id='word_1_6' title='bbox 729 291 899 334; x_wconf 68' lang='lat' dir='ltr'><strong>”caussae</strong></span> <span class='ocrx_word' id='word_1_7' title='bbox 936 304 978 334; x_wconf 91' lang='lat' dir='ltr'><strong>et</strong></span> <span class='ocrx_word' id='word_1_8' title='bbox 1006 293 1274 348; x_wconf 71' lang='lat' dir='ltr'>symptomata</span> <span class='ocrx_word' id='word_1_9' title='bbox 1301 295 1385 337; x_wconf 60' lang='lat' dir='ltr'><strong>Enss</strong></span> 
     </span>
     <span class='ocr_line' id='line_1_3' title="bbox 259 375 1388 431; baseline 0 -15"><span class='ocrx_word' id='word_1_10' title='bbox 259 388 474 418; x_wconf 79' lang='lat' dir='ltr'><strong>tozoorum</strong></span> <span class='ocrx_word' id='word_1_11' title='bbox 501 375 783 431; x_wconf 79' lang='lat' dir='ltr'><strong>explicantur,</strong></span> <span class='ocrx_word' id='word_1_12' title='bbox 815 375 962 416; x_wconf 83' lang='lat' dir='ltr'>eximie</span> <span class='ocrx_word' id='word_1_13' title='bbox 992 378 1190 425; x_wconf 77' lang='lat' dir='ltr'><strong>tractavit.</strong></span> <span class='ocrx_word' id='word_1_14' title='bbox 1219 376 1388 431; x_wconf 60' lang='lat' dir='ltr'><strong>Quam-r</strong></span> 
     </span>
     <span class='ocr_line' id='line_1_4' title="bbox 251 456 1392 513; baseline 0 -15"><span class='ocrx_word' id='word_1_15' title='bbox 251 457 380 512; x_wconf 67' lang='lat' dir='ltr'><strong>‘quarn</strong></span> <span class='ocrx_word' id='word_1_16' title='bbox 418 459 526 498; x_wconf 88' lang='lat' dir='ltr'><strong>enim</strong></span> <span class='ocrx_word' id='word_1_17' title='bbox 569 459 610 497; x_wconf 92' lang='lat' dir='ltr'><strong>in</strong></span> <span class='ocrx_word' id='word_1_18' title='bbox 653 456 939 499; x_wconf 86' lang='lat' dir='ltr'><strong>Entozoorum</strong></span> <span class='ocrx_word' id='word_1_19' title='bbox 983 460 1139 513; x_wconf 86' lang='lat' dir='ltr'>origine</span> <span class='ocrx_word' id='word_1_20' title='bbox 1168 457 1392 512; x_wconf 75' lang='lat' dir='ltr'><strong>indaganda</strong></span> 
     </span>
     <span class='ocr_line' id='line_1_5' title="bbox 259 539 1389 595; baseline -0.002 -13"><span class='ocrx_word' id='word_1_21' title='bbox 259 541 410 582; x_wconf 88' lang='lat' dir='ltr'><strong>diutius</strong></span> <span class='ocrx_word' id='word_1_22' title='bbox 431 540 605 581; x_wconf 85' lang='lat' dir='ltr'><strong>versatus</strong></span> <span class='ocrx_word' id='word_1_23' title='bbox 628 551 717 589; x_wconf 87' lang='lat' dir='ltr'><strong>est,</strong></span> <span class='ocrx_word' id='word_1_24' title='bbox 749 553 868 593; x_wconf 84' lang='lat' dir='ltr'><strong>quarn</strong></span> <span class='ocrx_word' id='word_1_25' title='bbox 896 544 936 583; x_wconf 91' lang='lat' dir='ltr'><strong>in</strong></span> <span class='ocrx_word' id='word_1_26' title='bbox 965 543 1202 595; x_wconf 80' lang='lat' dir='ltr'>quaestione</span> <span class='ocrx_word' id='word_1_27' title='bbox 1230 539 1389 581; x_wconf 70' lang='lat' dir='ltr'><strong>Zo&#39;olm</strong></span> 
     </span>
     <span class='ocr_line' id='line_1_6' title="bbox 257 620 1390 677; baseline 0 -15"><span class='ocrx_word' id='word_1_28' title='bbox 257 621 569 677; x_wconf 85' lang='lat' dir='ltr'><strong>gico-Medica</strong></span> <span class='ocrx_word' id='word_1_29' title='bbox 612 623 920 675; x_wconf 81' lang='lat' dir='ltr'><strong>requirebatur,</strong></span> <span class='ocrx_word' id='word_1_30' title='bbox 947 624 953 628; x_wconf 84' lang='lat'>&#39;</span> <span class='ocrx_word' id='word_1_31' title='bbox 980 623 1206 665; x_wconf 82' lang='lat' dir='ltr'><strong>caussarum</strong></span> <span class='ocrx_word' id='word_1_32' title='bbox 1257 620 1390 662; x_wconf 84' lang='lat' dir='ltr'><strong>tamen</strong></span> 
     </span>
     <span class='ocr_line' id='line_1_7' title="bbox 259 704 1391 759; baseline -0.002 -14"><span class='ocrx_word' id='word_1_33' title='bbox 259 704 574 745; x_wconf 81' lang='lat' dir='ltr'><strong>occafionalium</strong></span> <span class='ocrx_word' id='word_1_34' title='bbox 616 715 657 744; x_wconf 89' lang='lat' dir='ltr'><strong>et</strong></span> <span class='ocrx_word' id='word_1_35' title='bbox 703 705 1015 759; x_wconf 75' lang='lat' dir='ltr'>symptomatum</span> <span class='ocrx_word' id='word_1_36' title='bbox 1073 704 1391 758; x_wconf 82' lang='lat' dir='ltr'><strong>explicationem</strong></span> 
     </span>
     <span class='ocr_line' id='line_1_8' title="bbox 259 783 1392 840; baseline -0.003 -14"><span class='ocrx_word' id='word_1_37' title='bbox 259 798 344 826; x_wconf 85' lang='lat' dir='ltr'><strong>non</strong></span> <span class='ocrx_word' id='word_1_38' title='bbox 371 787 583 840; x_wconf 84' lang='lat' dir='ltr'><strong>neglexit,</strong></span> <span class='ocrx_word' id='word_1_39' title='bbox 625 800 666 829; x_wconf 86' lang='lat' dir='ltr'><strong>et</strong></span> <span class='ocrx_word' id='word_1_40' title='bbox 692 801 791 830; x_wconf 88' lang='lat' dir='ltr'><strong>vero</strong></span> <span class='ocrx_word' id='word_1_41' title='bbox 824 787 970 828; x_wconf 89' lang='lat' dir='ltr'><strong>additis</strong></span> <span class='ocrx_word' id='word_1_42' title='bbox 996 787 1175 840; x_wconf 84' lang='lat' dir='ltr'><strong>propriis</strong></span> <span class='ocrx_word' id='word_1_43' title='bbox 1205 783 1392 825; x_wconf 89' lang='lat' dir='ltr'><strong>observa-</strong></span> 
     </span>
     <span class='ocr_line' id='line_1_9' title="bbox 254 865 1392 918; baseline 0 -12"><span class='ocrx_word' id='word_1_44' title='bbox 254 867 470 918; x_wconf 62' lang='lat' dir='ltr'><strong>tionibus,</strong></span> <span class='ocrx_word' id='word_1_45' title='bbox 501 868 739 911; x_wconf 87' lang='lat' dir='ltr'><strong>cadaverum</strong></span> <span class='ocrx_word' id='word_1_46' title='bbox 768 869 1112 917; x_wconf 86' lang='lat' dir='ltr'><strong>dissectionibus,</strong></span> <span class='ocrx_word' id='word_1_47' title='bbox 1155 877 1196 907; x_wconf 92' lang='lat' dir='ltr'><strong>et</strong></span> <span class='ocrx_word' id='word_1_48' title='bbox 1224 865 1392 917; x_wconf 56' lang='lat' dir='ltr'><strong>analyfle</strong></span> 
     </span>
    </p>

    <p class='ocr_par' dir='ltr' id='par_1_3' title="bbox 250 937 1397 1910">
     <span class='ocr_line' id='line_1_10' title="bbox 257 937 1294 1008; baseline 0 -21"><span class='ocrx_word' id='word_1_49' title='bbox 257 947 336 988; x_wconf 83' lang='lat' dir='ltr'><strong>bus</strong></span> <span class='ocrx_word' id='word_1_50' title='bbox 358 949 555 992; x_wconf 84' lang='lat' dir='ltr'>chemicis</span> <span class='ocrx_word' id='word_1_51' title='bbox 579 964 664 993; x_wconf 85' lang='lat' dir='ltr'><strong>rem</strong></span> <span class='ocrx_word' id='word_1_52' title='bbox 695 937 802 993; x_wconf 85' lang='lat' dir='ltr'><strong>suam</strong></span> <span class='ocrx_word' id='word_1_53' title='bbox 831 953 996 1008; x_wconf 83' lang='lat' dir='ltr'><strong>egregie</strong></span> <span class='ocrx_word' id='word_1_54' title='bbox 1024 941 1294 992; x_wconf 83' lang='lat' dir='ltr'><strong>confirmavit.</strong></span> 
     </span>
     <span class='ocr_line' id='line_1_11' title="bbox 316 1028 1393 1086; baseline 0 -17"><span class='ocrx_word' id='word_1_55' title='bbox 316 1028 457 1071; x_wconf 83' lang='lat' dir='ltr'><strong>Tertia</strong></span> <span class='ocrx_word' id='word_1_56' title='bbox 506 1032 742 1086; x_wconf 73' lang='lat' dir='ltr'><strong>responsio,</strong></span> <span class='ocrx_word' id='word_1_57' title='bbox 795 1037 864 1077; x_wconf 89' lang='lat' dir='ltr'><strong>cui</strong></span> <span class='ocrx_word' id='word_1_58' title='bbox 889 1035 989 1076; x_wconf 92' lang='lat' dir='ltr'><strong>·hoc</strong></span> <span class='ocrx_word' id='word_1_59' title='bbox 1032 1028 1393 1083; x_wconf 75' lang='lat' dir='ltr'><strong>est.syn1b01um=</strong></span> 
     </span>
     <span class='ocr_line' id='line_1_12' title="bbox 264 1108 1394 1168; baseline -0.002 -16"><span class='ocrx_word' id='word_1_60' title='bbox 264 1108 372 1165; x_wconf 72' lang='lat' dir='ltr'><strong>Quis</strong></span> <span class='ocrx_word' id='word_1_61' title='bbox 397 1125 461 1153; x_wconf 84' lang='lat' dir='ltr'><strong>me</strong></span> <span class='ocrx_word' id='word_1_62' title='bbox 490 1114 640 1168; x_wconf 76' lang='lat' dir='ltr'><strong>leget?</strong></span> <span class='ocrx_word' id='word_1_63' title='bbox 667 1115 805 1160; x_wconf 85' lang='lat' dir='ltr'><strong>Nemo</strong></span> <span class='ocrx_word' id='word_1_64' title='bbox 836 1117 1009 1159; x_wconf 77' lang='lat' dir='ltr'><strong>hercule</strong></span> <span class='ocrx_word' id='word_1_65' title='bbox 1024 1116 1042 1156; x_wconf 77' lang='grc' dir='ltr'><em>Ι</em></span> <span class='ocrx_word' id='word_1_66' title='bbox 1083 1113 1278 1167; x_wconf 26' lang='lat' dir='ltr'><strong>quamvis,</strong></span> <span class='ocrx_word' id='word_1_67' title='bbox 1293 1123 1394 1152; x_wconf 71' lang='lat' dir='ltr'><strong>con»-</strong></span> 
     </span>
     <span class='ocr_line' id='line_1_13' title="bbox 255 1176 1395 1255; baseline 0.011 -23"><span class='ocrx_word' id='word_1_68' title='bbox 255 1193 385 1233; x_wconf 84' lang='lat' dir='ltr'><strong>tineat</strong></span> <span class='ocrx_word' id='word_1_69' title='bbox 409 1195 613 1255; x_wconf 86' lang='lat' dir='ltr'><strong>uberrima</strong></span> <span class='ocrx_word' id='word_1_70' title='bbox 637 1200 804 1253; x_wconf 83' lang='lat' dir='ltr'><strong>impenfi</strong></span> <span class='ocrx_word' id='word_1_71' title='bbox 834 1199 987 1240; x_wconf 83' lang='lat' dir='ltr'><strong>laboris</strong></span> <span class='ocrx_word' id='word_1_72' title='bbox 1029 1176 1275 1251; x_wconf 72' lang='lat' dir='ltr'><strong>specimina,</strong></span> <span class='ocrx_word' id='word_1_73' title='bbox 1303 1193 1395 1234; x_wconf 44' lang='lat' dir='ltr'>‘do&#39;-</span> 
     </span>
     <span class='ocr_line' id='line_1_14' title="bbox 252 1275 1396 1334; baseline -0.001 -18"><span class='ocrx_word' id='word_1_74' title='bbox 252 1279 463 1329; x_wconf 73' lang='lat' dir='ltr'><strong>cea&#39;tque,</strong></span> <span class='ocrx_word' id='word_1_75' title='bbox 509 1279 610 1332; x_wconf 88' lang='lat' dir='ltr'><strong>quid</strong></span> <span class='ocrx_word' id='word_1_76' title='bbox 637 1280 831 1334; x_wconf 86' lang='lat' dir='ltr'><strong>deinceps</strong></span> <span class='ocrx_word' id='word_1_77' title='bbox 870 1293 894 1321; x_wconf 85' lang='lat' dir='ltr'><strong>a</strong></span> <span class='ocrx_word' id='word_1_78' title='bbox 928 1277 1222 1333; x_wconf 84' lang='lat' dir='ltr'><strong>perseverantia</strong></span> <span class='ocrx_word' id='word_1_79' title='bbox 1245 1275 1396 1317; x_wconf 65' lang='lat' dir='ltr'><strong>studior-</strong></span> 
     </span>
     <span class='ocr_line' id='line_1_15' title="bbox 259 1359 1394 1417; baseline 0 -19"><span class='ocrx_word' id='word_1_80' title='bbox 259 1359 350 1398; x_wconf 86' lang='lat' dir='ltr'><strong>ruin</strong></span> <span class='ocrx_word' id='word_1_81' title='bbox 382 1359 431 1399; x_wconf 91' lang='lat' dir='ltr'><strong>de</strong></span> <span class='ocrx_word' id='word_1_82' title='bbox 461 1359 552 1412; x_wconf 88' lang='lat' dir='ltr'><strong>ipso</strong></span> <span class='ocrx_word' id='word_1_83' title='bbox 579 1374 744 1403; x_wconf 86' lang='lat' dir='ltr'><strong>auctore</strong></span> <span class='ocrx_word' id='word_1_84' title='bbox 770 1361 1010 1417; x_wconf 88' lang='lat' dir='ltr'><strong>sperandum</strong></span> <span class='ocrx_word' id='word_1_85' title='bbox 1041 1360 1116 1410; x_wconf 87' lang='lat' dir='ltr'><strong>fit,</strong></span> <span class='ocrx_word' id='word_1_86' title='bbox 1159 1360 1307 1400; x_wconf 80' lang='lat' dir='ltr'><strong>nimiae</strong></span> <span class='ocrx_word' id='word_1_87' title='bbox 1337 1369 1394 1398; x_wconf 63' lang='lat' dir='ltr'><strong>ta&#39;-</strong></span> 
     </span>
     <span class='ocr_line' id='line_1_16' title="bbox 261 1436 1397 1499; baseline 0 -19"><span class='ocrx_word' id='word_1_88' title='bbox 261 1453 356 1481; x_wconf 87' lang='lat' dir='ltr'><strong>men</strong></span> <span class='ocrx_word' id='word_1_89' title='bbox 384 1436 695 1484; x_wconf 66' lang='lat' dir='ltr'><strong>‘festinationis</strong></span> <span class='ocrx_word' id='word_1_90' title='bbox 732 1445 883 1486; x_wconf 87' lang='lat' dir='ltr'><strong>indicia</strong></span> <span class='ocrx_word' id='word_1_91' title='bbox 938 1445 1072 1499; x_wconf 87' lang='lat' dir='ltr'><strong>gerit,</strong></span> <span class='ocrx_word' id='word_1_92' title='bbox 1132 1454 1212 1495; x_wconf 88' lang='lat' dir='ltr'><strong>qua</strong></span> <span class='ocrx_word' id='word_1_93' title='bbox 1251 1452 1397 1492; x_wconf 83' lang='lat' dir='ltr'><strong>auctor</strong></span> 
     </span>
     <span class='ocr_line' id='line_1_17' title="bbox 253 1522 1394 1579; baseline -0.002 -15"><span class='ocrx_word' id='word_1_94' title='bbox 253 1522 390 1565; x_wconf 77' lang='lat' dir='ltr'><strong>‘multa</strong></span> <span class='ocrx_word' id='word_1_95' title='bbox 432 1524 600 1578; x_wconf 89' lang='lat' dir='ltr'><strong>quidem</strong></span> <span class='ocrx_word' id='word_1_96' title='bbox 631 1522 688 1567; x_wconf 77' lang='lat' dir='ltr'><strong>&#39;ex</strong></span> <span class='ocrx_word' id='word_1_97' title='bbox 727 1527 817 1568; x_wconf 88' lang='lat' dir='ltr'><strong>aliis</strong></span> <span class='ocrx_word' id='word_1_98' title='bbox 854 1525 1121 1579; x_wconf 88' lang='lat' dir='ltr'><strong>scriptoribus</strong></span> <span class='ocrx_word' id='word_1_99' title='bbox 1148 1523 1394 1578; x_wconf 85' lang='lat' dir='ltr'><strong>collegerit,</strong></span> 
     </span>
     <span class='ocr_line' id='line_1_18' title="bbox 250 1605 1396 1663; baseline 0 -17"><span class='ocrx_word' id='word_1_100' title='bbox 250 1618 488 1659; x_wconf 59' lang='lat' dir='ltr'><strong>&gt;eorumque</strong></span> <span class='ocrx_word' id='word_1_101' title='bbox 533 1606 782 1659; x_wconf 75' lang='lat' dir='ltr'><strong>hypotheses·</strong></span> <span class='ocrx_word' id='word_1_102' title='bbox 818 1609 999 1663; x_wconf 86' lang='lat' dir='ltr'><strong>propriis</strong></span> <span class='ocrx_word' id='word_1_103' title='bbox 1040 1606 1221 1660; x_wconf 86' lang='lat' dir='ltr'><strong>ipsorum</strong></span> <span class='ocrx_word' id='word_1_104' title='bbox 1251 1605 1396 1646; x_wconf 80' lang='lat' dir='ltr'><strong>.verbis</strong></span> 
     </span>
     <span class='ocr_line' id='line_1_19' title="bbox 263 1687 1396 1747; baseline 0.003 -20"><span class='ocrx_word' id='word_1_105' title='bbox 263 1687 498 1737; x_wconf 67' lang='lat' dir='ltr'><strong>tradiderit,</strong></span> <span class='ocrx_word' id='word_1_106' title='bbox 558 1688 626 1730; x_wconf 92' lang='lat' dir='ltr'><strong>sed</strong></span> <span class='ocrx_word' id='word_1_107' title='bbox 659 1689 790 1743; x_wconf 84' lang='lat' dir='ltr'><strong>ipsum</strong></span> <span class='ocrx_word' id='word_1_108' title='bbox 842 1702 1120 1747; x_wconf 81' lang='lat' dir='ltr'><strong>argumentum</strong></span> <span class='ocrx_word' id='word_1_109' title='bbox 1168 1701 1251 1729; x_wconf 90' lang='lat' dir='ltr'><strong>non</strong></span> <span class='ocrx_word' id='word_1_110' title='bbox 1278 1687 1396 1730; x_wconf 69' lang='lat' dir='ltr'><strong>fsatis</strong></span> 
     </span>
     <span class='ocr_line' id='line_1_20' title="bbox 262 1769 1395 1828; baseline -0.001 -17"><span class='ocrx_word' id='word_1_111' title='bbox 262 1769 481 1826; x_wconf 84' lang='lat' dir='ltr'><strong>subegerit.</strong></span> <span class='ocrx_word' id='word_1_112' title='bbox 570 1771 700 1813; x_wconf 86' lang='lat' dir='ltr'><strong>Deest</strong></span> <span class='ocrx_word' id='word_1_113' title='bbox 740 1786 905 1828; x_wconf 87' lang='lat' dir='ltr'><strong>quoque</strong></span> <span class='ocrx_word' id='word_1_114' title='bbox 943 1772 1300 1820; x_wconf 85' lang='lat' dir='ltr'><strong>observationum,</strong></span> <span class='ocrx_word' id='word_1_115' title='bbox 1344 1771 1395 1811; x_wconf 82' lang='lat' dir='ltr'><strong>de</strong></span> 
     </span>
     <span class='ocr_line' id='line_1_21' title="bbox 262 1850 1393 1910; baseline -0.002 -16"><span class='ocrx_word' id='word_1_116' title='bbox 262 1850 467 1895; x_wconf 85' lang='lat' dir='ltr'><strong>Entozois</strong></span> <span class='ocrx_word' id='word_1_117' title='bbox 521 1855 563 1894; x_wconf 86' lang='lat' dir='ltr'><strong>in</strong></span> <span class='ocrx_word' id='word_1_118' title='bbox 609 1854 759 1910; x_wconf 86' lang='lat' dir='ltr'><strong>Belgio</strong></span> <span class='ocrx_word' id='word_1_119' title='bbox 817 1857 1012 1909; x_wconf 88' lang='lat' dir='ltr'><strong>repertis,</strong></span> <span class='ocrx_word' id='word_1_120' title='bbox 1055 1866 1106 1895; x_wconf 82' lang='lat' dir='ltr'><strong>ex</strong></span> <span class='ocrx_word' id='word_1_121' title='bbox 1146 1852 1393 1902; x_wconf 78' lang='lat' dir='ltr'><strong>nostratibus</strong></span> 
     </span>
    </p>

    <p class='ocr_par' dir='ltr' id='par_1_4' title="bbox 260 1934 1391 2304">
     <span class='ocr_line' id='line_1_22' title="bbox 261 1934 1323 1992; baseline -0.001 -16"><span class='ocrx_word' id='word_1_122' title='bbox 261 1935 528 1989; x_wconf 85' lang='lat' dir='ltr'><strong>scriptoribus</strong></span> <span class='ocrx_word' id='word_1_123' title='bbox 558 1936 698 1978; x_wconf 91' lang='lat' dir='ltr'><strong>sedulo</strong></span> <span class='ocrx_word' id='word_1_124' title='bbox 728 1937 1084 1992; x_wconf 79' lang='lat' dir='ltr'><strong>inquirendarum,</strong></span> <span class='ocrx_word' id='word_1_125' title='bbox 1117 1936 1250 1989; x_wconf 82' lang='lat' dir='ltr'><strong>copia.</strong></span> <span class='ocrx_word' id='word_1_126' title='bbox 1294 1934 1323 1938; x_wconf 80' lang='grc'>”</span> 
     </span>
     <span class='ocr_line' id='line_1_23' title="bbox 319 2015 1391 2073; baseline -0.002 -15"><span class='ocrx_word' id='word_1_127' title='bbox 319 2017 599 2073; x_wconf 85' lang='lat' dir='ltr'><strong>Quamobrem</strong></span> <span class='ocrx_word' id='word_1_128' title='bbox 628 2019 746 2062; x_wconf 85' lang='lat' dir='ltr'><strong>Ordo</strong></span> <span class='ocrx_word' id='word_1_129' title='bbox 774 2019 1037 2061; x_wconf 83' lang='lat' dir='ltr'><strong>Medicorum</strong></span> <span class='ocrx_word' id='word_1_130' title='bbox 1064 2016 1232 2072; x_wconf 83' lang='lat' dir='ltr'><strong>primam</strong></span> <span class='ocrx_word' id='word_1_131' title='bbox 1256 2015 1391 2070; x_wconf 53' lang='lat' dir='ltr'><strong>dispui-</strong></span> 
     </span>
     <span class='ocr_line' id='line_1_24' title="bbox 262 2100 1391 2154; baseline 0 -14"><span class='ocrx_word' id='word_1_132' title='bbox 262 2102 460 2141; x_wconf 79' lang='lat' dir='ltr'><strong>tationem</strong></span> <span class='ocrx_word' id='word_1_133' title='bbox 501 2103 683 2154; x_wconf 78' lang='lat' dir='ltr'><strong>praemio</strong></span> <span class='ocrx_word' id='word_1_134' title='bbox 736 2102 1005 2144; x_wconf 85' lang='lat' dir='ltr'><strong>decorandam</strong></span> <span class='ocrx_word' id='word_1_135' title='bbox 1047 2101 1131 2140; x_wconf 88' lang='lat' dir='ltr'><strong>esse</strong></span> <span class='ocrx_word' id='word_1_136' title='bbox 1165 2100 1391 2154; x_wconf 84' lang='lat' dir='ltr'><strong>judicavit,</strong></span> 
     </span>
     <span class='ocr_line' id='line_1_25' title="bbox 260 2181 1391 2239; baseline -0.002 -15"><span class='ocrx_word' id='word_1_137' title='bbox 260 2193 344 2224; x_wconf 86' lang='lat' dir='ltr'><strong>non</strong></span> <span class='ocrx_word' id='word_1_138' title='bbox 383 2194 534 2225; x_wconf 87' lang='lat' dir='ltr'><strong>tantum</strong></span> <span class='ocrx_word' id='word_1_139' title='bbox 570 2186 665 2239; x_wconf 80' lang='lat' dir='ltr'><strong>quia</strong></span> <span class='ocrx_word' id='word_1_140' title='bbox 708 2185 795 2239; x_wconf 76' lang='lat' dir='ltr'><strong>ejus</strong></span> <span class='ocrx_word' id='word_1_141' title='bbox 821 2197 974 2227; x_wconf 87' lang='lat' dir='ltr'><strong>auctor·</strong></span> <span class='ocrx_word' id='word_1_142' title='bbox 998 2181 1218 2229; x_wconf 83' lang='lat' dir='ltr'><strong>universam</strong></span> <span class='ocrx_word' id='word_1_143' title='bbox 1249 2194 1391 2237; x_wconf 60' lang='lat' dir='ltr'><strong>quae&amp;</strong></span> 
     </span>
     <span class='ocr_line' id='line_1_26' title="bbox 1313 2275 1391 2304; baseline 0 0"><span class='ocrx_word' id='word_1_144' title='bbox 1313 2275 1391 2304; x_wconf 77' lang='lat' dir='ltr'><strong>tio-</strong></span> 
     </span>
    </p>
   </div>
  </div>
 </body>
</html>
