1519 2729
551 175 776 231 (3¹)

91 312 213 355 fuisse
250 314 466 367 repositum
499 313 675 363 censeo,
713 314 813 367 quia
841 313 921 355 hoc
950 312 1050 354 ioco
1079 314 1212 356 nullus

90 384 217 437 magis
258 395 318 423 est
356 395 611 437 opportunus
652 383 700 424 ad
740 395 873 425 motus
909 382 1087 424 diversos
1116 384 1212 424 diri·-

90 453 273 509 gend05‚
319 465 359 493 et
387 466 527 494 manus
554 454 661 508 ipsae
688 453 803 494 valde
842 449 1133 507 impedirentur
1173 466 1215 495 et

90 524 436 574 deformarentur‚
471 525 497 566 fi
543 526 592 565 in.
621 525 670 564 iis
704 522 874 565 musculi
903 523 963 564 illi
987 525 1216 567 *crassiores

89 593 230 636 locum
254 594 499 635 obtinerent.
533 593 613 649 (1)
909 642 914 649 ι
1213 632 1217 637 ,

147 662 357 704 Summum
399 663 590 719 deinceps
633 676 790 705 artuum
828 664 869 703 in
902 663 1087 704 manibus
1117 677 1217 706 cone

91 731 259 785 spicitur
284 733 497 775 artificium
514 764 527 784 ‚
573 748 745 788 quorum
775 733 856 775 hoc
883 734 1216 783 estconfilium,

90 812 134 842 ut
150 803 366 856 iungantur
395 804 476 844 duo
499 805 586 846 ossa
614 817 659 846 ea
688 805 869 853 ratione,
898 816 976 856 qua
993 803 1112 844 facile
1128 818 1216 844 mo-

88 873 174 912 veri
216 874 396 924 posfint,
444 875 554 926 quod
593 886 858 927 utrorumque
901 874 1047 915 ossium
1086 874 1217 914 forma

87 941 286 990 efficitur,
318 954 359 982 et
383 956 588 996 praeterea
618 944 788 985 humore
818 945 993 997 quodam
1024 944 1139 984 molli
1174 956 1218 985 ct

87 1011 386 1065 mucilaginoso
416 1026 693 1065 promovetur.
711 1012 791 1065 (2)
831 1013 874 1052 Si
902 1013 1074 1066 denique
1103 1012 1217 1055 illam

86 1091 301 1121 nervorum
342 1083 424 1123 vim
463 1092 582 1134 atque
635 1083 936 1124 accurationem
989 1083 1216 1124 confidere-⁴

89 1148 208 1198 mm,
253 1163 355 1204 quae
397 1153 437 1191 in
481 1153 620 1193 manus
659 1153 830 1192 cavitate
860 1163 901 1192 et
927 1154 968 1193 in
991 1153 1216 1209 digitorum
1243 1185 1245 1188 -

86 1222 279 1261 extremis
308 1223 489 1275 partibus
515 1221 910 1272 animadvertuntur,
943 1222 1023 1268 hoc
1053 1236 1145 1264 eum
1173 1224 1218 1263 in

86 1289 208 1332 finem
235 1292 290 1331 ita
318 1292 540 1333 institutum
572 1291 695 1344 fuisse
718 1292 905 1342 videtur,
947 1305 993 1335 ut
1019 1306 1071 1334 eo
1099 1293 1216 1334 meli-

86 1372 160 1401 us
174 1372 237 1401 res
280 1373 463 1402 externas
507 1373 616 1403 tactu
666 1362 986 1417 cognoscamus,
1027 1374 1069 1404 et
1110 1377 1134 1404 a
1174 1363 1215 1405 se

87 1430 264 1471 invicem
295 1431 597 1486 distinguamus.
613 1429 710 1485 (3)

145 1500 364 1554 Supersunt
387 1501 463 1542 alia
490 1501 644 1551 multa,
677 1513 779 1555 quae
805 1502 846 1542 in
872 1516 1060 1545 manuum
1089 1503 1214 1545 fabri-

88 1582 137 1611 ca
166 1571 368 1612 observari
397 1571 737 1625 posse11t'3haec
777 1585 875 1613 vero
916 1574 1139 1625 sufficiunt,
1171 1587 1216 1616 ut

89 1640 326 1694 fingnlarum
367 1654 502 1683 earum
559 1643 734 1700 pattium
768 1645 947 1686 ‘utilitas
998 1657 1210 1686 cernatur:

89 1708 195 1764 Quis
238 1711 343 1750 enim
379 1723 512 1752 earum
539 1711 775 1763 structuram
830 1713 1070 1764 mirificam,
1116 1728 1217 1756 con-

88 1781 326 1820 venientiam
354 1781 605 1834 perfectam,
657 1782 722 1824 vel
764 1782 981 1825 utilitatem
1018 1783 1216 1838 multipli-

88 1861 178 1892 cem
200 1852 394 1905 negaret?

1117 1925 1214 1966 Pu}-

129 2076 194 2123 (1)
220 2079 399 2121 Paley‚
424 2088 447 2114 t.
470 2089 498 2114 a.
522 2091 557 2124 p.
579 2081 626 2115 bl.
654 2090 728 2126 172.
754 2064 757 2067 ,

127 2132 194 2179 (2)
220 2134 303 2168 Ibid.
328 2144 352 2169 t.
376 2146 403 2170 a.
426 2146 460 2179 p.
486 2138 531 2173 bl.
557 2140 632 2175 162.

131 2190 582 2240 (gyNicuwc-ntjjt,
608 2206 633 2232 t.
655 2207 683 2234 a.
707 2204 741 2238 p.
766 2194 811 2231 bl.
835 2198 911 2232 261.
