1519 2729
654 102 873 161 (60)

211 270 235 278 -.
257 238 323 282 Ex
353 249 433 289 tam
462 240 598 284 multis
623 244 776 287 viribus
806 247 844 288 in
884 242 1155 300 cognoscendi
1190 241 1328 294 facul--

205 319 284 356 tate
315 312 544 366 conspicuis
575 314 600 355 fi
639 314 702 354 vel
742 325 818 356 una
845 315 1139 370 indigeremUS‚
1186 325 1318 355 caete-

199 391 327 421 rarum
356 382 489 424 nullus
516 383 599 424 fere
626 384 727 425 esset
756 385 860 426 usus.
935 384 1154 426 Hominem
1186 383 1211 423 fi
1244 383 1317 423 tibi

195 461 429 503 proponas,
461 453 725 507 intelligenti&
753 455 999 508 caeterisque
1043 451 1331 507 cognoscendi¹

195 517 454 568 facultatibus
482 522 684 574 praeclare
712 523 971 576 gaudentem,
1005 523 1070 563 sed
1094 535 1171 563 una
1201 521 1318 563 desti-

194 599 324 629 tutum
365 591 584 639 memoria,
627 590 746 640 facile
785 592 1014 644 percipies,
1056 591 1208 632 nullam
1250 591 1320 630 ha-

134 673 141 677 „
191 670 280 698 rum
334 660 511 699 omnium
567 660 803 701 facultatum
854 660 937 701 esse
986 661 1319 714 supervacaneam

191 739 438 779 omnemque
464 729 584 768 animi
612 723 860 771 harmoniam
888 730 977 772 fore
1018 730 1319 783 perturbatam,

193 795 220 835 s1
251 795 316 837 vel
345 798 508 838 minima
538 809 672 841 earum
699 810 810 854 parte
832 799 1069 856 indigeret..
1112 798 1217 857 ¹Hoc
1245 810 1320 847 ve-

188 877 269 915 ro,
299 864 551 909 ne‘humano
580 870 716 923 generi
742 868 850 909 fatali
877 871 1052 922 quadam
1086 870 1320 910 necesfitate

189 937 377 986 accidat,
408 938 523 980 cavet
559 939 787 980 moderator
823 937 920 989 ille,
965 940 1034 994 qui
1062 941 1242 993 optimos
1271 938 1319 981 fi·

187 1005 232 1049 bi
259 1007 470 1060 proposuit
494 1008 605 1049 fines.
818 1056 820 1059 v

248 1075 398 1130 Neque
426 1080 559 1120 minor
584 1080 797 1122 intercedit
820 1079 1073 1122 necessitudo
1105 1078 1318 1120 rationem

188 1146 297 1190 inter⁴
321 1159 361 1188 et
378 1145 559 1203 sensum.
598 1149 694 1192 Hoc
714 1150 976 1204 intelligitur,
1010 1151 1034 1192 fi
1064 1146 1318 1202 contemple-

189 1229 277 1257 mur
314 1217 518 1259 hominem
545 1220 621 1261 rite
649 1220 917 1273 compofitum
934 1249 947 1268 ‚
979 1221 1048 1272 qui
1072 1219 1219 1270 cuique
1259 1216 1319 1257 fa-

187 1285 382 1328 cultatum
439 1288 595 1331 suarum
636 1291 781 1331 iustam
816 1289 959 1329 tribuit
1004 1288 1330 1337 auctoritatemr„

185 1365 307 1407 atque
346 1357 372 1397 fi
417 1357 523 1399 hunc
554 1361 658 1400 inter
698 1372 738 1400 et
775 1359 1060 1400 scholasticum
1099 1370 1145 1398 ac
1184 1355 1319 1408 mysti-

188 1435 310 1472 cum,
354 1429 698 1479 comparationem
727 1427 989 1468 instituamus.
1063 1425 1182 1467 Alter
1209 1427 1318 1467 enim

187 1493 357 1534 ratione
381 1496 763 1548 ἦγεμουικῷμῑῇῑιιτς
786 1488 952 1554 sensum
977 1508 1110 1538 autem
1132 1496 1203 1537 vili
1219 1508 1318 1549 pen-

185 1562 253 1602 det
281 1567 572 1618 etopprimit,
617 1579 765 1620 atque,
816 1579 859 1608 ut
888 1569 928 1608 in
953 1580 1030 1608 una
1056 1579 1188 1606 rerum
1219 1577 1318 1613 ¹con-

185 1632 448 1686 templatione
470 1637 646 1677 versetur
673 1639 848 1685 animus,
881 1637 991 1676 omni
1019 1635 1148 1676 studio
1173 1645 1317 1684 curam,

184 1711 225 1743 et
248 1701 307 1754 fic
335 1705 535 1755 tandem,
568 1718 611 1746 ut
648 1709 702 1747 ait
732 1706 986 1761 Borgeru
1006 1719 1048 1755 s,
1078 1705 1131 1745 V.
1155 1704 1207 1745 C.
1240 1716 1319 1745 na-

175 1768 330 1825 scitur
359 1773 442 1814 illa
473 1774 805 1831 philosophandi
838 1776 1041 1818 ieiunitas
1086 1773 1318 1816 Scholasti-

181 1855 351 1891 comm,
380 1856 555 1899 quornm
571 1847 747 1901 ingenia
773 1856 901 1888 erant
929 1845 1095 1899 oppleta
1121 1844 1316 1885 dialecti-

181 1913 240 1954 cis
256 1915 413 1956 aculeis
424 1945 436 1965 ,
459 1914 661 1972 quibussle
679 1916 857 1959 invicem
873 1915 1216 1971 compungebaut.
1235 1912 1259 1967 (
1267 1911 1316 1963 ι)

1243 1982 1313 2023 Sic

202 2135 204 2137 ’
229 2135 294 2182 (ι)
322 2138 350 2172 Β
367 2147 452 2181 org
468 2146 485 2172 e
502 2148 517 2172 r
533 2164 543 2179 ‚
565 2139 753 2184 Dispmasio
779 2152 807 2176 c.
829 2151 864 2185 p.
889 2142 920 2175 8.
