1519 2729
546 165 770 224 (37)

85 305 128 360 gi
172 306 338 347 curavit.
397 302 545 360 Neque
587 306 711 362 igitur
756 305 951 347 Smitii
994 314 1099 346 uxor
1135 314 1214 346 tres

87 385 240 415 vermes
271 376 420 430 ejecit,
450 388 588 417 verum
618 388 695 417 tres
724 387 856 430 partes
883 374 1013 415 unius.

146 442 736 500 Bothrioceplzalmquoque
779 446 964 495 videtur,
1009 439 1129 498 quem
1160 443 1220 487 Gr

89 527 191 556 van
236 514 430 556 Doeve
447 528 539 555 ren
578 516 615 556 se
661 515 861 570 possidere
891 526 1088 556 memorat
1121 512 1216 568 (ι).

88 614 118 638 ,,
149 583 313 627 Taenia
347 584 518 640 digitum
543 583 752 627 minimum
784 586 947 638 quidem
988 585 1088 635 lata,
1131 583 1218 639 pla-

89 655 277 706 nisfima,
309 655 525 706 subfusca,
557 655 655 697 serie
687 656 1014 697 intestinulorum
1041 666 1220 709 transpa-

92 727 269 766 rentium
301 725 551 780 conspicua,
595 738 697 779 quae
738 726 856 767 series
882 726 922 765 in
952 726 1101 766 ficcato
1129 735 1220 766 ver-

91 807 156 836 me
189 795 340 848 spinam
369 796 460 836 satis
487 795 637 845 refert,
669 808 809 837 exacte
837 795 1083 838 conveniens
1123 806 1216 835 cum

91 865 163 906 illa
193 866 344 919 figura,
389 878 508 918 quam
548 866 658 906 dedit
687 864 742 909 C.
773 866 1074 908 Bonnetus
1115 861 1222 905 Tae-

86 935 198 978 <niae
252 934 431 976 articulis
477 935 759 986 brevioribust,
819 948 957 976 revera
1010 932 1223 988 permultis

93 1004 247 1046 constat
288 1003 467 1046 articulis
526 1004 796 1054 brevisfimis‚
834 1005 961 1045 lineas
1001 1006 1165 1045 circiter
1194 1008 1221 1057 3

94 1076 210 1124 latis,
242 1075 388 1116 lineam
423 1088 438 1115 1
456 1073 533 1116 >vel
569 1073 616 1123 1}
643 1075 808 1131 longis,
838 1076 879 1115 in
909 1074 1058 1129 quibus
1081 1072 1222 1116 oscula

94 1145 330 1200 marginalia
354 1156 437 1186 non
465 1144 651 1186 dantur.'’

89 1234 91 1236 ’
150 1215 237 1271 Qui
266 1216 369 1256 hane
404 1215 718 1269 descriptionem
747 1226 955 1270 comparat
996 1226 1089 1256 cum
1119 1213 1219 1264 illa,

87 1297 214 1338 quam
252 1285 361 1326 dedit
391 1285 432 1327 R
449 1300 474 1326 ιι
490 1287 516 1327 d
533 1286 584 1326 ol
601 1298 628 1339 p
646 1285 699 1326 h·
688 1299 701 1325 1
716 1299 740 1326 u
757 1299 774 1326 s
790 1316 803 1337 ,
826 1295 1030 1340 magnam
1064 1285 1128 1325 ni
1144 1283 1220 1325 sal-

88 1354 158 1395 lor
184 1358 362 1398 inveniet
391 1356 704 1397 similitudinem.

86 1434 89 1451 ³
110 1424 277 1466 Forte
319 1426 407 1466 hic
428 1438 593 1479 quoque
630 1427 806 1479 pertinet
832 1429 980 1468 vermis
1010 1423 1222 1481 Thesauri

93 1495 166 1537 IV.
208 1495 576 1548 Ruyschiani
605 1494 671 1536 Ν.
706 1496 773 1537 86.
833 1524 861 1547 ,,
892 1495 1034 1536 Poitio
1073 1492 1222 1538 vermis

91 1576 122 1635 '’.’
135 1565 222 1606 lati
252 1572 292 1606 et
320 1564 519 1608 articulati
547 1577 605 1606 ast
634 1565 735 1607 alius
762 1565 910 1619 speciei
927 1595 941 1617 ,
978 1565 1134 1619 liquori
1157 1567 1219 1606 in·

34 1655 37 1658 ⁴
92 1664 121 1690 „
152 1647 289 1676 natans
319 1647 370 1676 ex
399 1633 610 1676 homine?
1203 1644 1206 1646 ·

23 1813 26 1816 .
138 1771 201 1818 (1)
228 1773 273 1807 G.
304 1783 392 1806 van
429 1775 729 1814 Doeveren‚
759 1772 841 1816 Disfi
881 1773 995 1819 Inaug.
1034 1773 1073 1808 de
1098 1774 1221 1810 Wrmi-

91 1830 151 1864 bus
171 1829 285 1866 Intest.
306 1829 431 1866 Homin.
456 1830 565 1875 Lugd.
588 1833 784 1876 Bat.‘1753.
805 1841 836 1875 p.
865 1839 920 1877 37.

1068 2249 1093 2305 ς
1122 2235 1217 2289 ΧΠ.
