1519 2729
547 142 767 200 (57)

135 281 272 324 ⁴1Vum.
318 281 392 323 Illa
437 283 579 322 mutari
608 295 684 336 pro
722 283 840 322 variis
868 292 998 321 rerum
1041 282 1214 322 circum·

94 351 242 393 stantiis
267 364 306 393 et
334 365 410 407 pro
445 351 504 392 his
535 351 602 390 illa
619 381 630 400 ‚
662 365 738 404 pro
767 352 845 391 illis
871 351 964 402 aliar
989 350 1213 403 producere

92 421 354 469 animalcula,
386 420 486 461 nihil
518 419 699 461 utilitatis
727 424 765 461 in
804 421 1052 475 explicandis
1093 419 1215 472 phae-

92 492 274 530 nomenis
302 490 486 539 afferret,
524 502 650 542 aeque
680 503 820 544 magna
850 504 929 531 tum
948 490 1029 530 fere
1047 485 1213 529 difficul-

92 570 171 600 tate
202 560 303 600 hanc
333 561 460 614 premi
504 560 684 600 videmus
729 561 986 608 sententiam,
1031 572 1108 611 qua
1144 568 1214 610 ge-

91 631 252 669 neratio
276 629 518 683 Aeqztii'oca
548 631 676 682 premi
716 630 888 679 dicitur,
932 631 1078 668 etenim
1113 638 1215 679 quo-

93 698 218 739 modo
248 712 297 739 ex
323 699 483 739 materia
512 698 673 751 prorsus
703 699 858 747 aliena,
903 698 1013 739 illud
1036 697 1216 751 generari

91 768 228 820 posset
257 768 429 818 animal,
461 767 573 821 quod
600 768 842 821 productum
870 779 958 817 est,
989 778 1029 806 et
1044 778 1215 819 quanam

89 838 217 878 causa.

144 907 247 948 Vum.
280 906 415 948 Ovula
442 906 510 947 illa
538 907 709 949 formam
741 919 921 956 mutare,
964 905 1004 946 id
1042 916 1101 945 est
1135 904 1215 944 sese

89 977 327 1018 contrahere
355 987 395 1016 et
435 977 660 1029 expandere
699 977 842 1031 posse,
880 974 1108 1016 necessario
1149 973 1215 1014 de-

91 1047 262 1097 berentz,
293 1060 383 1087 nam
411 1060 449 1087 v.
476 1061 513 1088 c.
538 1044 762 1101 Ascaridis
782 1043 1090 1087 Lumbricoi‘dis
1116 1055 1215 1083 ovu-

90 1117 154 1166 la,
185 1128 306 1158 aucto
333 1117 598 1171 aliquomodo
624 1130 696 1171 per
726 1116 873 1157 lentem
910 1113 1059 1169 angulo
1096 1113 1216 1154 vifio-

91 1188 182 1236 nis,
214 1185 406 1227 facillime
433 1187 757 1240 perspiciuntur⁷
789 1186 899 1239 quod
926 1196 1007 1237 non
1035 1195 1127 1224 cum
1165 1180 1215 1222 il-

92 1257 172 1307 lis,
216 1258 256 1296 in
297 1258 387 1297 aere
430 1256 663 1298 observatis.
729 1256 896 1297 Minora
922 1266 1052 1295 tamen
1076 1252 1215 1292 eadem

94 1326 328 1381 producunt
354 1327 563 1376 animalia,
595 1334 697 1380 quae
724 1325 900 1379 majora,
944 1325 984 1363 in
1019 1322 1219 1362 intestinis

89 1409 128 1436 v.
171 1410 210 1438 c.
256 1397 460 1449 deposita,
506 1397 617 1449 quod
657 1396 810 1450 vulgari
852 1393 1120 1436 observationi
1155 1403 1217 1431 re-

93 1478 259 1521 pugnat.
323 1467 390 1507 Sic
425 1478 647 1516 ovum,2ut
675 1466 756 1507 hoc
783 1463 974 1518 exemplo
989 1474 1101 1511 utar,
1131 1462 1218 1516 gal-

89 1535 194 1593 linae
213 1536 239 1575 fi
269 1536 432 1576 naturali
461 1538 693 1585 minimest,
723 1537 791 1575 vix
813 1547 859 1575 ac
887 1546 936 1573 ne
959 1533 1025 1573 vix
1055 1531 1217 1584 quidem

94 1606 229 1645 sanum
258 1604 449 1657 producit
473 1605 655 1657 pullum,
686 1605 868 1656 adeoque
893 1614 934 1642 et
972 1602 1038 1642 hic
1073 1613 1220 1654 negare

94 1675 173 1714 hoc
202 1674 298 1714 licet
326 1675 496 1723 tamdiu,
537 1675 724 1725 quamdiu
764 1674 979 1727 probatum
1015 1684 1098 1712 non
1133 1669 1218 1710 fue-

94 1747 172 1793 rit,
204 1743 288 1784 fieri
316 1744 434 1796 posse
469 1743 578 1795 quod
607 1743 835 1784 statuerunt.

147 1813 274 1854 VIUffl,
308 1813 470 1854 Deinde
489 1815 633 1854 merito
659 1815 879 1868 objicitur,
910 1809 1120 1865 quomodo
1135 1820 1220 1850 tum

93 1887 131 1925 in
161 1883 274 1925 foetu
306 1896 459 1924 vermes
483 1885 578 1923 oriri
603 1884 781 1937 possint,
813 1881 923 1936 quod
944 1893 1037 1921 cum
1066 1892 1115 1921 ex
1150 1891 1220 1919 an-

36 2002 41 2005 ,
93 1956 342 2008 tiquiorum‚
377 1966 458 1995 tum
486 1967 535 1994 ex
562 1954 830 1995 recentiorum
872 1948 1221 1992 observationibus
1279 1993 1282 1995 ‚

91 2037 229 2079 patet;
276 2026 329 2064 ita
371 2037 408 2064 ν.
447 2037 484 2064 c.
511 2025 591 2078 jam
633 2023 740 2077 apud
780 2021 1220 2075 Hippocratem,

93 2094 249 2135 fidelem
314 2106 474 2135 naturae
533 2093 831 2134 observatorem
895 2090 1065 2146 legimus
1112 2085 1221 2142 (1):

1079 2188 1108 2212 „
1139 2156 1222 2198 Eas

135 2243 197 2288 (1)
222 2245 296 2280 Lib.
327 2257 359 2289 4·
388 2246 426 2279 de
444 2245 566 2279 Morbis
591 2249 664 2283 pag.
687 2248 742 2282 70·
