1519 2729
590 188 814 247 (ιι)

324 339 600 443 PARS
683 371 1053 422 PRIMA.

223 578 561 615 ARGUMENTUM‚
592 577 673 606 PRO
705 576 775 605 DE1
806 559 1088 612 EXISTENTIfi,
1119 570 1144 601 Ε

456 625 621 679 Δ(ΣΑἱΙΞΙὸ
652 646 891 676 FINALIBUS.

136 903 305 1015 Quae
321 950 360 989 in
377 947 562 989 Exordio
579 946 752 988 diximus
769 975 781 993 ,
813 944 1096 997 disputationis
1111 941 1266 983 nostrae

133 1019 346 1070 confilium
399 1019 597 1071 aperiunt.
685 1013 881 1056 Naturam
938 1013 1093 1054 scilicet
1111 1043 1114 1045 Α
1133 1023 1269 1052 rerum

135 1089 425 1141 hominemque
455 1085 723 1139 contemplari
752 1084 961 1138 cupimus,
992 1095 1036 1124 ut
1060 1082 1150 1122 inde
1169 1093 1268 1122 con-

136 1157 220 1198 filia
244 1169 405 1211 pateant
428 1168 469 1197 et
498 1156 598 1197 fines
626 1156 786 1209 optimi.
848 1153 894 1194 In
922 1153 1003 1194 hoc
1029 1161 1267 1206 argumento

136 1227 343 1268 tractando
360 1257 373 1276 ,
418 1226 539 1267 nobis
566 1238 649 1274 non
675 1225 818 1266 licebit
835 1254 848 1274 ‚
892 1236 1012 1264 unam
1053 1221 1269 1262 alteramve

139 1296 435 1352 Philosophiae
465 1296 685 1337 naturalis
713 1307 867 1354 partem
892 1293 955 1334 vel
985 1291 1157 1346 aliquam
1173 1290 1269 1345 ani-1

135 1365 195 1406 mi
221 1363 400 1406 humani
423 1364 683 1421 facultatem
725 1365 957 1419 explicaret,
1004 1364 1122 1404 satius
1161 1362 1270 1406 enim

135 1436 238 1483 erit,
270 1447 320 1476 ex
347 1436 509 1489 diversis
539 1436 813 1490 disciplinisr
834 1436 884 1476 ad
912 1433 1088 1475 nostrum
1113 1444 1269 1486 propo-

136 1504 252 1544 fitum
294 1503 451 1558 aptiora
495 1504 676 1560 eligeret,
719 1518 847 1558 eaque
889 1492 1058 1546 tractare
1099 1502 1271 1544 confilio

113 1574 384 1630 *teleologica
446 1575 506 1635 Ut
543 1589 668 1625 vero,
712 1577 817 1617 inter
850 1576 921 1616 has
945 1576 1072 1614 varias
1087 1572 1273 1614 diversa-

139 1656 225 1686 rum
253 1640 552 1698 disciplinarum
583 1640 744 1699 partes,
792 1657 1008 1687 commune
1053 1643 1271 1685 constitue-

140 1724 249 1754 retur
285 1715 491 1756 vinculum
508 1746 533 1767 a,
568 1716 682 1772 hanc
709 1716 830 1756 nobis
859 1715 1056 1769 elegimus
1087 1725 1271 1754 contem-

142 1782 279 1836 plandi
308 1787 531 1835 rationem,
564 1800 668 1840 qua,
705 1773 778 1840 per
808 1773 967 1842 finiam
982 1781 1271 1835 subiectorum

134 1851 294 1909 seriem
322 1855 631 1904 adscendentes,
665 1857 822 1898 tandem
851 1856 900 1896 ad
917 1854 1048 1911 finem
1075 1846 1274 1912 ultimam

140 1926 432 1977 perveniamus.
520 1926 633 1981 Quid
676 1927 752 1968 fibi
789 1927 963 1967 invicem
1017 1922 1274 1977 suppeditent

141 1993 320 2048 fingula,
366 1996 463 2049 quid
503 1997 658 2038 homini
699 2007 741 2035 et
780 1995 1014 2036 humanitati
1046 1993 1272 2046 praestent,

141 2078 220 2118 qua
246 2066 402 2107 ratione
428 2066 477 2106 ad
505 2065 772 2106 moralitatem
802 2078 903 2107 cunr
934 2064 1130 2106 felicitate
1173 2078 1274 2108 con-

141 2136 319 2176 iunctam
363 2135 619 2186 conducant,
660 2136 876 2177 videndum
903 2136 993 2176 crin·
1065 2134 1127 2176 Ea
1164 2137 1273 2178 enim

142 2206 325 2248 universa
350 2217 411 2248 est
438 2218 579 2248 eorum
610 2206 826 2257 conditio,
856 2216 901 2248 ut
928 2217 1130 2260 tamquam
1164 2217 1275 2249 cate·

1223 2286 1275 2318 na
