1519 2729
593 165 816 254 (qs)

143 309 310 352 vinculo
337 309 606 364 conjunctae,
651 318 791 349 eorum
819 308 938 347 etiam
969 304 1077 347 sacra
1113 306 1260 346 imitari

142 380 250 433 quasi
305 379 570 434 cogebantur.
655 378 851 432 Jehovam
904 377 1011 417 enim
1064 387 1261 430 agnosce·

143 450 242 490 bant
272 447 409 490 Deum
453 446 563 489 suurn
603 458 644 488 et
675 461 839 504 regem,
885 447 935 488 de
974 445 1090 501 cujus
1135 443 1260 486 tutela

143 532 238 561 curn
269 519 548 572 desperarent,
595 517 939 569 finitimorumque
998 528 1138 571 regum
1186 518 1263 556 im·
1304 554 1307 556 ,

143 590 351 643 plorarent
406 589 626 639 auxilium,
679 588 759 629 hoc
812 588 900 641 ipso
953 587 1149 642 Jehovam
1203 586 1264 626 in⁴

124 657 336 719 *seriorem
400 659 657 700 declarabant
701 660 869 700 caeteris
919 656 1013 698 Diis
1079 655 1265 712 regibus-

141 736 229 783 'que
279 726 376 784 (a).
481 729 619 783 Itaque
668 742 738 770 rex
784 729 1054 784 Jeroboamus
1097 725 1267 771 foedera

142 812 237 840 cum
281 799 516 851 Pharaone,
562 800 860 854 Aegyptiorum
898 810 1023 853 rege,
1069 797 1266 851 conjunc·-

141 878 229 920 tus,
271 881 316 910 ut
360 859 807 924 huic'gratificaretur,
851 869 1072 910 vitulorum
1109 866 1266 908 cultum

140 939 367 980 introduxit
438 940 488 980 ad
550 939 697 992 Apidis
769 939 1014 994 Aegyptiaci
1070 936 1266 978 imitatio-

139 1015 233 1049 nem
262 1006 356 1062 (b).
433 1008 564 1050 Immo
604 1022 730 1061 vero,
776 1009 844 1050 alii
876 1020 992 1064 reges
1018 1019 1072 1048 co
1101 1007 1267 1048 demen-

140 1080 218 1119 tiae
266 1090 564 1133 pervenerunt,
608 1091 653 1121 ut
693 1080 890 1136 Jehovam
930 1078 1067 1120 Deum
1109 1078 1267 1130 quippe

139 1148 327 1190 inutilem
378 1148 496 1203 plane
533 1149 778 1203 rejicerent,
824 1151 864 1189 in
913 1149 1080 1203 ejusque
1123 1147 1267 1187 locum

141 1217 399 1260 Phoenicum
440 1231 481 1260 et
507 1219 766 1272 Assyriorum
801 1218 919 1261 Deos
956 1217 1267 1264 substituerent,

145 1288 247 1329 belli
277 1289 516 1341 fortitudine
543 1289 700 1343 Jehova
726 1289 849 1345 longe
879 1290 1106 1343 superiores
1132 1283 1224 1340 (c).

198 1358 438 1400 Accedebat
480 1371 641 1410 autem,
674 1360 787 1415 quod
813 1359 1067 1408 Phoenices,
1097 1357 1268 1411 Aegyp-

143 1430 212 1478 tii,
245 1428 428 1481 Assyrii,
461 1429 573 1471 hisce
603 1431 858 1485 temporibus
886 1429 936 1470 ad
956 1428 1152 1470 summum
1177 1425 1268 1468 cul-

140 1509 205 1540 tus
234 1508 277 1539 et
307 1499 460 1554 gloriae
494 1501 702 1556 fastigium
742 1500 1041 1542 adscenderant.
1111 1496 1268 1552 Quam-

139 1570 205 1610 vis
242 1570 347 1610 enim
376 1569 513 1613 senfim
544 1570 765 1625 sensimque
793 1573 833 1611 in
860 1570 973 1612 cultu
1005 1569 1120 1610 sacro
1155 1579 1268 1621 mag-

144 1644 222 1679 nos
248 1639 485 1694 progressus
510 1639 701 1682 fecissent
729 1640 933 1701 Hebraei,
972 1639 1141 1693 aliisque
1169 1650 1267 1693 gen-

143 1709 253 1751 tibus
290 1710 366 1751 hac
401 1711 442 1750 in
471 1710 586 1752 causa
613 1711 734 1753 facile
761 1705 986 1774 superiores
1008 1710 1266 1758 viderentur,

1179 1790 1265 1820 non

149 1859 152 1862 ⁴
185 1878 249 1923 (a)
274 1880 351 1914 Hos.
366 1880 407 1914 v:
426 1889 487 1922 13,
511 1881 586 1916 vn:
610 1878 728 1924 8-16,
752 1883 840 1917 XIV:
856 1894 889 1925 4.
903 1882 1031 1928 Jerem.
1047 1882 1093 1915 11:
1113 1882 1151 1916 18
1169 1891 1266 1922 -20.

141 1936 182 1970 28
200 1961 210 1977 ,
249 1937 316 1979 36,
341 1945 395 1979 37.
441 1938 540 1972 Conf.
567 1938 622 1983 Cl.
645 1939 797 1973 van-der
826 1940 940 1979 Palm,
963 1937 1002 1970 ad
1030 1937 1064 1971 h.
1092 1939 1116 1971 1.

147 2037 165 2046 ,Α
185 1989 250 2045 (b)
273 1992 374 2026 Conf·
391 1993 588 2034 Muntinghe
604 2018 615 2034 ,
643 1996 667 2030 l.
683 1997 704 2030 1.
721 1997 818 2031 Tom.
833 1996 910 2030 V11..
923 2005 998 2037 pag.
1015 2004 1068 2036 13.
1084 2002 1118 2027 et
1133 1994 1165 2026 in
1175 2002 1264 2028 nota.

187 2046 244 2093 (c)
271 2061 289 2083 2
316 2048 443 2083 Chron.
463 2049 619 2084 XXVIII:
643 2062 699 2095 23.
745 2050 894 2098 Qualem
915 2052 957 2086 de
978 2052 1050 2086 Diis
1073 2050 1264 2093 opinionem

140 2107 298 2141 foverunt
325 2115 442 2148 gentes
466 2106 680 2151 idololatrae,
709 2110 850 2143 indicant
874 2111 946 2142 loca
974 2120 993 2143 2
1023 2109 1114 2151 Reg.
1142 2109 1264 2143 XVIII:

141 2172 274 2206 33-35·
305 2164 393 2197 XIX:
433 2173 469 2197 11
489 2158 502 2188 ’-
521 2174 572 2208 14.
609 2165 704 2212 Jesaj.
744 2157 791 2202 Xz'
814 2168 831 2202 8
853 2186 865 2192 -
884 2176 946 2208 12,
970 2165 1026 2199 ubi
1056 2165 1182 2208 Assyrii
1213 2167 1264 2199 ιο·

141 2229 282 2266 quentes
307 2219 516 2257 inducuntur.

984 2283 997 2302 Ι
