1519 2729
586 197 811 260 (¹3)

133 357 255 402 atque
281 336 410 387 novus
440 339 662 384 iste-Deus
689 339 851 395 populo
879 349 1090 393 tantopere
1104 338 1263 392 placet,

132 429 179 460 ut
220 418 261 457 in
303 416 389 469 ejus
430 413 628 453 honorem
657 411 774 452 chori
805 409 1034 451 saltantium
1062 409 1268 450 instituan-

134 492 212 528 tur.
283 482 411 540 Quod
451 481 600 524 festum
641 491 794 534 quanto
827 479 970 520 ardore
1013 479 1057 521 fit
1086 479 1267 520 celebra-

134 568 219 597 tum
236 584 250 603 ‚
294 552 360 594 vel
397 565 448 593 ex
474 565 526 592 eo
553 561 692 604 patet,
738 549 852 605 quod
877 548 999 603 Josua
1016 580 1028 597 ‚
1074 550 1145 602 qui
1173 562 1266 590 cum

133 624 257 668 Mose
290 634 470 665 montem
499 620 788 670 adscenderat,
833 619 1054 661 clamorem
1091 619 1267 659 militum

133 695 270 737 audire
289 694 362 736 fibi
390 691 497 733 visus
523 690 674 741 fuerit,
705 689 848 733 Moses
878 701 1010 730 autem
1039 689 1269 730 effrenatam

134 764 437 807 multitudinem
477 773 562 803 non
602 761 674 803 nisi
714 762 756 803 vi
791 771 832 800 et
854 760 975 801 armis
1005 771 1270 814 compescere

129 836 334 892 potuerit.

193 905 276 947 Sed
309 903 414 945 unde
453 901 614 943 tandem
653 902 729 942 iste
760 899 909 942 furor?
953 910 1021 941 aut
1055 898 1270 952 quomodo

128 975 222 1017 ‘fieri
254 974 390 1029 potuit
407 1000 429 1023 ‚-
450 982 495 1012 ut
520 983 573 1011 eo
601 970 826 1011 dementiae
853 970 1110 1022 pervenerint
1144 967 1272 1009 Israe-

127 1035 285 1095 ·litae‚⁷
316 1043 387 1097 qui
429 1053 617 1094 tanquam
657 1038 796 1081 Deum
837 1037 1045 1080 coluerint
1095 1037 1273 1080 vitulum

135 1118 284 1164 istum,
330 1125 451 1167 quem
491 1124 542 1153 ex
576 1123 676 1152 auro
715 1110 787 1163 ipfi
819 1108 897 1150 suis
925 1109 1108 1150 viderant
1137 1107 1272 1150 oculis

136 1185 316 1233 confici,
347 1196 370 1224 a
398 1194 482 1236 quo
510 1182 583 1222 fibi
609 1179 713 1221 nihil
750 1192 826 1222 nec
857 1179 952 1220 mali
981 1180 1271 1229 metuendum,

134 1268 213 1297 nec
242 1255 342 1295 boni
356 1251 593 1306 sperandum
620 1251 740 1292 erat?
770 1245 962 1298 Etvero,
991 1264 1112 1303 quam
1140 1250 1272 1302 turpis

134 1337 178 1367 et
205 1326 360 1379 ingrata
387 1323 485 1362 haec
514 1319 592 1360 fuit
612 1322 745 1361 ratio!
792 1320 956 1375 Quanta
992 1320 1186 1361 miracula
1229 1321 1275 1362 in

138 1394 334 1453 Aegypto
361 1389 853 1446 perpetraveratJehova!
884 1389 1062 1431 Divinae
1094 1389 1273 1444 maJ'esta-

139 1467 192 1507 tis
215 1475 257 1506 et
285 1462 491 1519 potentiae
508 1491 521 1510 ,
552 1472 594 1500 et
621 1472 716 1514 erga
737 1459 939 1501 Israelitas
968 1461 1116 1501 amoris
1145 1460 1274 1502 docu-

141 1547 274 1578 menta
302 1544 405 1589 quot
435 1542 664 1586 quantaque
691 1530 773 1585 jam
803 1530 991 1572 dederat!
1035 1530 1165 1585 Regis
1196 1544 1273 1584 po—

141 1606 348 1648 tentissimi
378 1603 598 1652 Pharaonis
623 1601 772 1642 fastum
799 1600 1078 1655 depresserat;
1111 1601 1221 1655 ipsos
1251 1615 1275 1648 e

141 1676 331 1717 servitute
360 1672 563 1714 durissima
600 1670 868 1720 liberaveram
915 1683 1063 1726 magno
1094 1671 1274 1713 hostium

140 1746 288 1788 damno
316 1744 425 1798 ipsos
452 1754 526 1796 per
551 1751 659 1781 mare
687 1740 852 1798 rubrum
892 1740 1119 1782 traduxerat
1158 1742 1276 1783 inco-

141 1815 301 1865 lumes;
333 1803 544 1854 inmediis
568 1810 744 1851 Arabiae
768 1810 932 1852 desertis
959 1823 1035 1853 nec
1059 1811 1142 1853 cibi
1159 1842 1173 1862 ‚
1204 1825 1274 1853 ne-

143 1898 222 1939 que
252 1895 442 1937 aquarum
473 1881 594 1935 copia
620 1882 715 1935 ipsis
743 1881 937 1922 defuerat.
1256 1903 1259 1906 -

201 1955 282 1996 Sed
322 1953 414 2007 plus
442 1953 563 1992 ctiam
591 1951 787 2004 praestitit
820 1950 991 2004 Jehova.
1053 1950 1164 1997 Idem
1201 1950 1274 1994 ille

143 2026 252 2068 coeli
294 2034 499 2075 terraeque
538 2019 747 2061 Dominus
774 2021 954 2075 regimen
984 2021 1131 2075 populi
1161 2024 1203 2064 in
1235 2022 1276 2063 se

134 2096 373 2149 *susceperat
405 2091 528 2133 modo
559 2089 715 2132 solenni
747 2086 843 2146 (a).
904 2088 971 2132 Ad
1009 2103 1151 2134 eorum
1190 2094 1274 2134 ani-

1187 2176 1276 2207 mos

190 2242 253 2290 (a)
281 2241 391 2278 lixo-a.
417 2243 487 2278 xx.
