1519 2729
735 123 761 181 c
814 130 897 204 ,825
932 126 957 182 >

272 259 336 302 ios
356 271 474 302 ‘totos
503 274 584 302 non
613 260 742 303 solum
767 263 955 314 inutiles,
988 264 1067 305 scd
1095 267 1233 320 potius
1270 266 1392 308 vehe-

269 342 424 372 menter
449 344 642 372 nocentes
670 332 876 374 habemus.

325 399 451 455 Quod
478 400 548 442 illa
577 401 700 443 modo
724 400 841 444 allata
865 404 1006 445 attinet
1036 406 1271 459 proposita,
1315 418 1390 447 no-

266 469 428 510 tandum

319 537 376 579 10.
408 539 488 581 Vix
513 541 726 594 probabile
752 540 904 590 videri,
936 543 1030 584 ullis
1059 543 1146 586 aliis
1175 544 1244 584 nist
1275 546 1388 585 vanis

259 611 504 661 argumentis
531 610 833 662 superstructam
856 610 939 651 esse
966 611 1294 653 Valisnerii
1313 626 1389 666 po-

260 678 470 728 fitionem,
515 678 710 719 undenam
755 680 860 719 enim
880 710 893 728 ,
934 680 959 721 fi
990 680 1070 721 hoc
1099 692 1250 722 tantum
1278 693 1390 722 tene-

259 759 372 796 mu3‚
417 746 700 800 perficeretur,
745 748 875 789 eidem
920 752 1085 804 corpori
1122 751 1297 792 humano
1323 764 1387 792 ea-

261 815 351 856 dem
388 815 599 866 animalia‚
646 817 727 858 hoc
771 829 953 872 tempore
997 820 1141 871 utilia,
1184 820 1265 862 alio
1291 834 1389 863 vero

260 887 408 927 nociva
437 886 595 936 futura,
628 888 933 930 circumstantiis
962 889 1117 930 iisdem.

313 955 391 996 110.
423 955 568 1011 Neque
599 960 822 1000 irritatione
849 959 1042 1011 prodesse
1078 972 1236 1001 vermes
1269 960 1386 1002 statu·

254 1024 423 1075 endum,
469 1026 562 1066 dum
607 1027 675 1068 vix
719 1040 893 1081 unquam
934 1031 1094 1071 modica
1122 1030 1286 1071 illorum
1311 1031 1385 1071 ob-

256 1092 433 1134 servetur
461 1095 659 1135 irritatio:
706 1097 744 1136 in
778 1098 1002 1139 universum
1030 1112 1127 1140 vero
1155 1112 1284 1153 neque
1313 1115 1383 1156 ap-

250 1165 422 1217 petitum
449 1165 701 1219 regularem,
733 1179 863 1221 neque
894 1155 1080 1210 ciborum
1114 1169 1381 1225 digestionem

251 1233 401 1274 bonam
430 1247 685 1287 promovent.
1249 1285 1251 1290 ἲ

307 1302 404 1344 1110.
437 1304 505 1345 Ob
536 1305 672 1346 eadem
702 1320 936 1363 argumenta
963 1309 1198 1353 Clarkii
1225 1311 1380 1351 senten-

250 1375 343 1413 tiam
373 1387 506 1429 veram
536 1377 656 1417 eciam
686 1389 768 1417 non
786 1367 1131 1431 pronuntiandam
1157 1380 1255 1421 esse.

304 1443 401 1484 IV0.
445 1444 686 1486 Bianchi
732 1449 968 1500 opinionem
1006 1460 1170 1500 quoque
1205 1449 1376 1490 validam

248 1525 329 1553 non
367 1513 522 1562 videri,
569 1528 661 1555 cum
700 1528 722 1555 e
762 1518 966 1556 contrario
997 1517 1188 1570 deinceps
1221 1518 1376 1558 videbi-

248 1595 364 1630 mus,
411 1583 600 1624 humores
628 1598 745 1637 quam
777 1585 974 1638 plurimos
1000 1598 1022 1625 a
1051 1587 1254 1628 vermibus
1279 1600 1376 1640 pro-

250 1651 373 1700 duci,
405 1652 638 1695 hominibus
669 1656 853 1696 nocivos.

305 1721 381 1762 V0.
424 1723 603 1776 Gozii
658 1725 812 1765 taudem
850 1725 1091 1777 positionem
1145 1725 1259 1766 nullo
1297 1728 1371 1767 niti

246 1792 505 1833 fundamento
522 1822 534 1841 ‚
567 1793 658 1834 dum
686 1795 898 1836 humorum
922 1796 1154 1847 quantitatis
1183 1795 1370 1838 differen-

246 1844 322 1910 tia,
353 1874 454 1915 quae
484 1863 586 1902 inter
615 1862 754 1912 illam,
800 1878 821 1905 a
853 1866 1057 1906 vermibus
1097 1867 1291 1920 ingestam
1325 1880 1369 1908 et

244 1931 293 1970 ab
324 1932 372 1971 iis
415 1920 825 1985 expulsam'interest
861 1947 939 1976 tam
981 1949 1100 1988 parva
1139 1936 1210 1985 fit,
1256 1937 1367 1990 quod

244 2012 410 2055 magnus
438 2003 604 2042 omnino
633 2007 827 2046 vermium
857 2019 1043 2048 numerus
1072 2007 1204 2050 adesse
1244 2009 1366 2050 debe-

240 2079 332 2120 ret,
364 2082 407 2112 ut
435 2071 585 2128 aliquid
615 2073 798 2118 utilitatis
823 2075 1018 2119 afferrent.

1315 2215 1361 2258 In
