1519 2729
553 125 806 184 (245)

122 298 123 301 η
171 278 207 308 c.
232 264 282 307 'Si
313 264 471 309 tandem
511 267 553 308 in
581 268 822 311 momoriam
849 276 1089 309 revocemus
1129 272 1262 325 prin?-¹

116 337 270 389 cipium
325 337 551 379 officiorum
593 338 902 392 perfectorum,
953 337 1067 391 quod
1123 339 1240 394 supra

115 405 375 447 tradidimus:
420 437 449 460 ‚,
483 408 537 449 ita
563 421 665 464 ages,
708 418 754 449 ut
784 419 1069 462 quemcunque
1106 408 1240 450 homi-

112 502 141 529 „
171 487 264 518 nem
293 489 497 531 nunquam
525 491 602 531 pro
630 480 766 520 medio
791 478 1004 520 arbitrario
1021 508 1034 527 ‚
1074 489 1145 520 tuo
1169 478 1240 519 fini

110 546 409 599 „inserviente
452 548 626 598 habeas,
671 549 738 591 sed
767 562 845 604 pro
886 549 1086 603 persona,
1135 560 1239 602 quae

109 644 138 668 ,,
170 617 242 658 fibi
273 616 355 670 ipsa
393 616 484 658 finis
507 629 568 659 est
584 617 630 668 ‚”
675 618 787 661 facili
832 618 1026 673 profecto
1067 620 1239 673 negotio

113 685 427 738 concludimus,
487 688 784 744 obligationem
825 690 956 744 juris,
1007 687 1237 745 officiorum

100 756 397 812 perfectorum
425 771 596 801 numero
625 761 710 802 esse
739 759 1042 802 adscribendam
1073 758 1171 815 (1).

164 827 295 869 Porro
326 843 418 870 cum
446 831 603 873 nullum
629 832 695 886 jus
721 831 840 872 detur
857 841 926 872 aut
945 831 1119 886 cogitari
1134 840 1234 885 pos*b

106 898 182 947 fit,
214 899 285 939 nifi
316 900 428 940 fimul
457 901 506 941 ab
538 900 661 942 altera
687 913 801 956 parte
829 902 895 944 vel
923 902 1122 956 pontiva,
1164 901 1231 943 vel

103 971 288 1024 negativa
316 972 523 1025 cogitetur
551 972 756 1026 obligatio
775 970 886 1026 ζα),
918 973 1038 1027 hujus
1066 972 1226 1028 obliga-

107 1041 230 1081 tionis
261 1040 539 1083 definitionem
569 1042 716 1083 addere
743 1054 827 1082 non
855 1043 1128 1098 incongruum
1169 1043 1233 1083 vi·

102 1110 246 1161 detur,
279 1123 322 1152 ut
338 1113 429 1154 inde
459 1112 536 1154 alia
563 1112 914 1167 pateatjuridicae
931 1112 1231 1168 obligationis,

98 1195 194 1224 cum
210 1182 352 1224 officiis
367 1183 593 1236 perfectis,
629 1196 732 1237 quae
746 1182 835 1223 aliis
851 1183 1086 1237 praestanda
1117 1183 1230 1232 sunt,

106 1254 405 1294 convenientia.
436 1281 472 1290 -
501 1254 672 1296 Dicitur
700 1255 836 1307 itaque
864 1253 1039 1308 juridica
1069 1253 1232 1308 obliga-

100 1321 161 1362 tio
178 1319 259 1375 (3)
287 1351 316 1375 ,,
343 1325 577 1373 necessitas,
594 1324 785 1365 omnibus
802 1324 1038 1365 incumbens
1050 1353 1063 1373 ‚
1080 1323 1227 1378 agendi

97 1420 126 1445 ,‚
156 1393 220 1432 vel
259 1405 340 1433 non
369 1394 512 1448 agendi
543 1395 760 1436 secundum
787 1394 853 1448 jus
893 1394 1058 1435 alterius
1073 1393 1118 1443 ,”
1161 1393 1227 1434 vel

98 1462 347 1504 enucleatius
377 1465 431 1504 ita
461 1464 599 1505 eadem
625 1465 826 1520 obligatio
851 1465 1026 1519 juridica
1042 1466 1225 1519 proponi-

97 1544 260 1586 potest:
293 1563 321 1586 ,,
352 1535 593 1584 necessitas,
626 1549 704 1589 qua
720 1548 861 1576 omnes
894 1530 1227 1576 tenentur'alteri-

100 1630 128 1654 ‚‚
160 1602 284 1656 usjus
301 1605 570 1656 quodvisnon
601 1606 758 1647 laedere
774 1605 820 1655 3⁹⁹
848 1606 912 1646 vel
929 1608 1049 1647 etiam
1084 1635 1114 1654 ‚‚
1146 1614 1226 1658 qua‘

93 1701 122 1726 „
156 1684 265 1714 certa
285 1674 456 1726 persona
475 1686 632 1717 tenetur
646 1676 696 1717 ad
711 1676 864 1730 aliquid
875 1675 1151 1730 praestandum
1167 1675 1225 1715 al—

1101 1769 1133 1798 25
1162 1755 1222 1785 te·

94 1829 160 1863 sola
183 1831 413 1866 ratiocinamur
442 1833 577 1868 rationis
612 1835 750 1877 indole,
783 1845 868 1878 quae
899 1835 1063 1869 contraria
1086 1833 1224 1878 quaevis:

95 1886 219 1929 respuit
234 1912 245 1928 ,
269 1899 334 1922 nec
361 1891 505 1924 tolerare
535 1893 605 1927 ullo
633 1892 736 1927 modo
759 1902 884 1936 potest.

137 1942 201 1988 (ι)
227 1945 318 1978 Haec
351 1947 437 1980 enim
468 1951 668 1990 aequalitas,
705 1959 894 1992 quavnemo
919 1950 1051 1993 prorsus
1083 1950 1115 1983 in
1139 1949 1224 1983 statuv

92 2000 238 2035 absoluto
262 2003 356 2036 alteri
381 2012 431 2037 est
454 2005 662 2048 subjectus,
695 2008 809 2050 prouti
835 2015 885 2041 est
918 2006 1144 2045 immutabilis,
1177 2007 1222 2039 ita

91 2067 228 2101 quoquc
252 2059 282 2091 in
306 2061 460 2095 omnibus
481 2071 658 2104 cernatur,
683 2072 717 2097 et
741 2073 759 2097 a
785 2064 920 2098 nemine
949 2065 1105 2099 violetur.
1140 2061 1218 2098 Vid-

91 2115 176 2149 Crit.
199 2115 292 2159 Mag.
325 2117 352 2150 I.
379 2128 411 2160 p.
434 2120 514 2163 364.

135 2170 200 2216 (α)
225 2174 256 2206 G
273 2183 288 2206 r
303 2183 321 2206 a
336 2182 379 2206 ta
395 2185 425 2208 m
440 2185 457 2208 a
473 2200 484 2216 ,
507 2176 593 2221 Diss.
615 2177 703 2213 laud.
726 2185 761 2220 p.
780 2186 824 2221 97
846 2178 938 2221 seqq,
991 2171 996 2196 ³

138 2226 203 2275 (3)
227 2229 275 2266 Id.
295 2229 376 2267 ibid.
398 2243 432 2276 p.
459 2243 533 2269 102.
