1519 2729
689 184 954 242 ‚(26)

278 324 486 366 contineat
526 325 788 378 quantitatem
830 338 949 380 quam
1005 327 1130 380 posfit
1171 328 1426 370 maximam„
1465 348 1467 350 ·
1515 320 1519 326 ’

290 418 293 420 -
334 393 424 436 Hac
455 395 741 448 evaporatione
780 408 914 449 aquae·
945 409 1078 450 partes
1119 396 1282 450 speciali
1312 410 1403 447 moa

277 463 332 505 do
376 478 469 506 cum
510 466 672 505 materia
711 464 778 506 sua
806 467 923 522 ignea
959 467 1154 522 conjungi
1179 449 1402 518 videntur,

278 541 321 575 et
361 535 600 577 aeriformes
629 536 832 587 evadunt;
876 538 950 578 hac
977 536 1109 578 forma
1137 536 1281 578 deinde
1308 548 1402 596 cum

276 606 394 647 ficcis
423 607 525 647 aeris
556 607 687 648 masfis
707 606 956 662 junguntur,
988 608 1117 648 donec
1132 619 1266 649 earum
1282 613 1402 665 prae-

276 677 467 730 cipitatio
495 675 633 717 locum
664 676 822 717 habeat.

285 761 291 771 ‹
332 744 585 798 Evaporatio
613 747 805 788 secundae
827 745 976 800 speciei
994 746 1123 787 minus
1155 746 1300 790 celeris
1314 758 1400 798 est,

274 812 352 857 nec
383 815 450 857 illa
479 818 580 858 aeris
606 817 825 859 elasticitas
854 827 1035 872 augetur.
1110 815 1153 857 Si
1185 817 1255 859 sub
1293 831 1404 859 cam-

274 899 379 941 pana
435 888 709 929 barometrum
727 919 740 939 ,
798 900 975 941 corpora
1032 885 1225 938 humida,
1281 897 1404 941 atque

270 955 437 1010 insuper
477 970 545 998 vas
587 970 689 1012 aqua
727 946 947 1011 repletrum
978 968 1214 1010 ponuntur,
1259 957 1404 998 duran-

273 1036 315 1067 te
358 1029 649 1079 evaporatione
686 1028 960 1069 barometrum
1002 1027 1199 1082 majorem
1229 1027 1404 1081 presfio-

271 1107 366 1137 nem
395 1109 480 1137 non
509 1097 698 1139 ostendit.

328 1165 487 1208 Primae
517 1167 666 1221 speciei
695 1168 932 1222 evaporatio
964 1167 1005 1206 in
1035 1165 1231 1206 secundae
1273 1156 1404 1219 speci-

225 1257 228 1261 *
271 1230 311 1274 'ei
337 1238 670 1288 evaporationem
698 1248 902 1286 mutatur,
949 1236 976 1276 fi
1005 1236 1170 1277 affinitas
1205 1234 1403 1278 solventis

269 1304 373 1345 aeris
403 1305 669 1357 diminuitur,
701 1293 741 1348 et
769 1307 959 1350 vicisfim.

280 1380 285 1387 ‘
330 1374 375 1415 Si
391 1389 459 1416 vas
481 1377 685 1429 quoddam
713 1391 818 1432 aqua
847 1376 1071 1430 repletum,
1099 1379 1139 1418 in
1171 1377 1300 1431 spatio
1320 1388 1405 1418 non
1470 1416 1472 1418 .
1495 1379 1497 1381 ’

269 1444 452 1501 agitato,
493 1446 636 1487 aestate
663 1448 784 1488 radiis
825 1446 921 1488 solis
946 1448 1192 1500 exponitur,
1224 1447 1406 1500 primum

267 1513 417 1556 ceieris
463 1516 696 1564 observatur
736 1517 975 1571 evaporatio
1017 1519 1170 1570 primae
1220 1517 1403 1571 speciei,
1454 1515 1497 1578 325

268 1584 338 1625 sed
367 1585 433 1625 ob*
460 1587 637 1639 quietem
667 1598 865 1640 vaporum
897 1588 1097 1639 quantitas
1139 1588 1179 1628 in
1209 1589 1303 1629 aete
1340 1586 1404 1627 su·
1475 1631 1481 1641 ‚

267 1663 341 1708 pra
370 1668 514 1708 aquam
541 1658 595 1697 ita
622 1669 821 1712 augetur,
857 1666 901 1696 ut
927 1655 998 1696 ille
1026 1657 1256 1698 affinitatem
1292 1655 1412 1697 suam'

268 1734 396 1765 totam
422 1725 506 1766 fere
529 1726 697 1779 perdat,
728 1738 813 1779 quo
842 1725 886 1765 fit
915 1737 960 1766 ut
988 1739 1096 1768 nunc
1118 1739 1263 1782 aquam
1291 1725 1404 1768 tarde

266 1794 490 1845 dissolvat,
521 1807 563 1836 et
589 1795 786 1837 secundae
815 1795 975 1848 speciei·
996 1786 1233 1851 evaporatio
1260 1796 1373 1838 adfit.

274 1875 277 1878 ·
323 1863 413 1906 Hac
479 1865 674 1906 secundae
730 1866 882 1919 speciei
952 1868 1244 1920 evaporatione
1298 1866 1402 1907 ae'ris
1450 1855 1485 1921 =;.3v

265 1935 427 1988 pondus
462 1935 697 1997 speeifictim
721 1941 922 1990 augetur,
954 1949 1047 1977 cum
1069 1949 1152 1978 non
1183 1937 1310 1992 magis
1332 1936 1403 1977 fiat

265 2004 470 2047 elasticus.
544 2005 678 2060 Hujus
719 2006 1024 2059 evaporationis
1058 2018 1230 2059 vapores
1260 2004 1400 2059 aquosi
1455 2004 1471 2065 ι.-

262 2074 487 2129 junguntur
528 2088 622 2117 cum
656 2076 748 2116 aere
788 2075 997 2127 solvente,
1029 2077 1083 2116 ita
1118 2086 1162 2116 ut
1188 2087 1271 2116 non
1301 2074 1399 2117 fiant

267 2144 518 2186 aeriformes.
879 2150 884 2154 ’
1439 2147 1441 2150 ⁴

273 2233 275 2235 ·
325 2228 365 2270 3.
397 2215 472 2258 Uti
500 2215 596 2257 duas
625 2228 751 2270 aquae
782 2218 824 2259 in
860 2219 953 2261 aere
996 2215 1300 2270 dissolutionis,
1341 2216 1398 2256 ita
1438 2227 1441 2230 ·

1319 2295 1395 2326 eti-
