1519 2729
689 115 912 171 (42)

242 251 373 302 latae,
410 259 473 294 ex·
496 254 653 306 quibusx
677 253 812 308 plures
849 254 1023 295 minores
1049 255 1259 302 oriuntur,
1290 254 1360 306 qni

241 314 384 368 iterum
421 322 606 376 plurimis
623 355 636 372 ‚
661 326 793 378 iisque
821 336 1022 378 tamquam
1052 324 1190 365 rivulis
1221 323 1362 364 admo-

240 393 335 436 dum
364 397 543 451 exiguiS‚
575 396 771 450 originem
801 395 1008 448 praebent.
1053 393 1142 435 Hac
1168 393 1273 432 enim
1297 404 1361 432 ra-

240 466 352 506 tione
389 466 553 520 corpori
582 477 723 506 nostro
753 463 954 517 sanguinis
984 465 1144 517 copiam
1174 461 1363 516 suppedi-

239 546 323 576 tant
358 538 537 579 arteriae.
597 535 678 576 Sed
713 545 754 574 et
788 533 856 575 hic
883 533 999 574 restat
1031 533 1214 586 aliquid,
1250 529 1364 584 quod

236 605 469 646 ulteriorem
507 604 852 655 comparationem
894 615 977 643 non
1022 604 1122 644 sinit.
1192 600 1364 656 Sanguis
1417 647 1420 651 ¹

236 677 344 716 enim
363 706 376 724 ‚
413 687 493 727 ope
519 674 753 715 arteriarum
782 672 832 712 ad
857 682 1054 711 extremas
1097 684 1228 724 usque
1271 683 1364 710 cor-

235 746 350 798 poris
376 743 504 785 nostri
530 755 663 796 partes
692 742 862 791 ductus,
893 743 1021 784 redire
1050 743 1201 790 debet,
1231 741 1365 780 exitus

237 814 347 854 enim
386 826 469 854 non
492 813 650 862 datur,
682 821 758 853 nec
788 813 870 854 dari
898 825 1049 867 potest.
1111 812 1192 853 Iam
1222 810 1365 852 adsunt

239 894 386 929 venae,
418 895 520 936 quae
550 883 630 924 hoc
660 882 877 935 praestant,
909 894 948 922 et
978 895 1146 935 quarum
1176 881 1365 932 haecest

237 953 452 1004 conditio,
482 964 526 994 ut
550 952 661 994 nulla
679 954 833 992 ratione
858 952 1017 993 meliori
1038 951 1168 997 idem,
1198 949 1282 991 alio
1304 961 1366 989 ar-

237 1022 394 1072 tificio,
423 1024 561 1077 peragi
580 1023 719 1076 posfit.
763 1021 880 1062 Anne
907 1022 1019 1062 hisce
1050 1020 1239 1061 omnibus
1266 1031 1366 1060 con-

239 1091 369 1134 filium
400 1093 534 1133 deesse
562 1093 783 1146 putemus?
829 1091 924 1136 Hoc
957 1094 980 1132 ss
1013 1090 1219 1138 volueris,
1263 1088 1368 1129 unde

237 1162 454 1215 repetenda
483 1164 568 1203 esse
594 1174 713 1215 putas
733 1192 746 1211 ,
782 1161 856 1216 'illa
882 1162 1109 1202 adiumenta
1139 1171 1218 1200 tam
1246 1157 1367 1210 inpli-

237 1233 320 1273 cita
346 1244 386 1272 et
414 1233 631 1273 artificiosa
667 1243 769 1286 quae
813 1242 891 1271 tam
917 1230 1088 1284 pulchre
1117 1229 1237 1270 finem
1267 1233 1368 1269 asle·

237 1314 416 1356 quuntur
442 1304 641 1356 optimum
656 1304 676 1344 ⁶?

295 1370 469 1424 Propter
497 1371 769 1414 musculosam
791 1369 985 1410 fabricam
1016 1370 1056 1408 in
1075 1369 1230 1409 arteriis
1260 1368 1368 1408 acci-

239 1441 328 1490 dit,
379 1453 422 1481 ut
439 1465 454 1490 ‚-
497 1443 524 1483 fi
564 1441 772 1484 laedantur
814 1440 1009 1488 arteriae,
1068 1449 1201 1490 partes
1243 1436 1369 1477 laesae

243 1513 453 1555 continuos
479 1524 501 1551 a
530 1510 569 1551 se
597 1511 772 1550 invicem
802 1509 1088 1557 distrahantur,
1131 1507 1237 1548 unde
1264 1509 1371 1548 vitae

232 1582 473 1635 periculum
503 1582 645 1621 oritur.
707 1579 834 1632 Saepe
856 1580 1041 1623 homines
1064 1577 1274 1618 laeduntur
1292 1579 1370 1626 ita,

248 1660 294 1694 ut
338 1664 525 1705 tanquam
565 1663 616 1691 ex
647 1660 824 1690 torrente
851 1648 984 1689 effluat
1014 1647 1196 1702 sanguis:
1225 1647 1290 1689 vel
1313 1647 1371 1695 fic

247 1733 379 1764 tamen
416 1734 506 1763 raro
539 1721 719 1769 accidit,
761 1732 804 1760 ut
838 1720 1002 1760 arteriae
1032 1718 1228 1761 secentur.
1283 1717 1370 1759 Un-

246 1793 296 1835 de
326 1793 441 1835 hoc‘?
480 1791 662 1833 Arteriae
681 1793 739 1834 ,iis
768 1792 808 1832 iu
835 1791 940 1832 locis
967 1790 1154 1831 occultae
1183 1789 1300 1837 sunt,
1332 1789 1373 1828 in

251 1864 401 1918 quibus
444 1874 525 1902 non
568 1861 688 1902 facile
728 1861 830 1902 laedi
859 1861 1040 1914 possunt.
1101 1859 1161 1900 Ita
1191 1858 1261 1912 (ut
1290 1859 1371 1899 hoc

250 1933 364 1987 utar)
388 1933 649 1975 absconditae
672 1932 1024 1985 deprehenduntnr
1045 1933 1085 1972 in
1109 1929 1298 1970 inferiore
1314 1927 1372 1968 di—

250 2006 428 2059 ¹tritorum
473 2016 584 2057 parte
604 2033 616 2052 ‚
663 2004 703 2043 in
735 2003 1012 2043 foraminibus
1057 2013 1135 2041 tam
1183 1999 1262 2040 alte
1305 2011 1373 2038 ex-

250 2071 442 2125 sculpta,
485 2083 558 2121 ut,
600 2085 840 2125 quamquam
881 2072 1089 2113 dimidium
1130 2070 1214 2110 fere
1257 2068 1374 2123 digiti

253 2141 492 2193 dissecatur,
531 2144 710 2186 nondum
746 2143 923 2185 laedatur
954 2143 1110 2183 arteria.
1179 2138 1307 2194 Quod
1348 2139 1375 2178 fi

779 2211 790 2222 ⁸
1314 2208 1376 2248 lo-
