1519 2729
725 165 947 221 (36)

335 304 472 361 Quem
513 316 644 346 autem
686 302 936 357 Tulpius
979 300 1059 358 (ι)
1105 302 1225 344 habet
1268 300 1400 345 Lum-

278 375 442 417 bricum
481 373 661 415 articulis
704 373 892 414 brevibus
931 372 981 413 ad
1027 371 1400 427 Bothrioceplzalos

275 446 426 487 referre
455 444 604 495 liceat,
649 443 774 499 figura
801 445 955 497 optime
986 455 1079 484 cum
1115 443 1165 483 iis
1203 443 1396 484 conveni-

279 527 384 556 ente.
452 514 570 557 Dicit
596 525 756 555 autem:
801 542 829 566 „
859 514 995 555 latum
1026 510 1301 553 Lumbricum
1331 512 1400 552 dc·

278 586 470 638 scripsere
497 584 660 638 quidem
694 596 810 636 quam
842 583 1036 635 plurimi,
1068 594 1107 622 at
1136 582 1290 635 semper
1314 595 1400 622 mu-

278 655 421 705 tilum,
453 666 492 695 et
523 659 676 695 tantu-m
702 653 835 705 capite
865 662 1008 700 tenus,
1039 651 1152 703 quod
1178 662 1309 691 tamen
1332 651 1400 692 hic

276 727 351 779 ipfi
391 725 657 776 imponiturf
687 734 769 761 non
814 720 955 762 fictum
1008 733 1085 763 aut
1121 722 1278 774 pictum
1335 720 1404 762 sed

276 794 547 849 genuinu1n‚.
581 805 628 833 ac
654 799 786 844 prout
814 791 866 832 ..id
903 792 1034 844 ipsum
1051 809 1082 840 ,·
1110 791 1205 833 dum
1235 790 1401 844 corpori
1427 827 1429 829 ,

278 864 401 903 etiam
423 862 645 902 inhaereret
669 873 690 900 a
726 860 803 900 Fr.
835 860 874 901 V
889 862 902 900 i
919 875 941 902 c
958 875 984 915 q
1001 863 1097 902 uio
1114 891 1126 912 ‚
1173 861 1227 902 A.
1259 859 1338 909 Th
1356 874 1402 902 o-

274 932 497 987 lingio‚
543 931 732 984 aliisque
755 943 876 984 quam
906 929 1099 983 *pluribus
1129 929 1309 971 Medicis
1340 933 1401 971 in-

278 1002 423 1044 dubiae
450 1001 543 1051 fidei
572 1013 708 1041 coram
733 1001 1012 1052 conspectum.
1072 999 1200 1053 idque
1233 1012 1315 1041 non
1343 1000 1402 1041 se-

277 1071 358 1114 mel
387 1083 506 1124 atque
550 1071 724 1118 iterum,
769 1070 836 1111 sed
877 1072 1038 1111 tertium
1083 1071 1235 1123 quippe
1280 1072 1403 1110 toties

278 1141 475 1186 infectum
497 1140 598 1182 hoc.
617 1140 798 1181 excrevit
825 1153 928 1181 uxor
958 1140 1012 1181 G.
1046 1140 1071 1180 S
1090 1141 1258 1180 mitii.
1303 1139 1402 1180 Mo-

281 1211 336 1252 do
366 1210 529 1263 quidcm
556 1208 799 1250 frustulatim
826 1221 866 1250 et
908 1210 1095 1251 mutilum
1135 1210 1202 1250 sed
1242 1210 1402 1250 interim

281 1293 340 1323 ter
366 1282 593 1334 integrum,
638 1291 679 1319 et
708 1279 900 1320 omnibus
942 1280 1119 1319 numeris
1158 1278 1401 1320 absolutum.

283 1350 381 1392 Erat
402 1362 534 1393 autem
566 1350 646 1391 hoc
675 1360 796 1401 caput
822 1361 905 1389 non
935 1350 1064 1390 minus
1093 1358 1254 1390 acutum
1283 1348 1403 1402 quam'

279 1422 443 1476 planum
485 1432 526 1460 et
566 1419 890 1460 oreiadmodum
930 1418 1057 1467 exili,
1101 1419 1220 1472 plane
1265 1418 1402 1458 eadem

280 1488 440 1537 format,
483 1489 687 1541 quavejus
724 1491 914 1535 iconem,
955 1488 1049 1528 dum
1086 1488 1216 1530 adhuc
1242 1498 1401 1541 reperet

279 1560 361 1600 aeri
404 1559 547 1599 incidit
588 1558 628 1598 S.
676 1558 942 1599 Saverius
985 1559 1078 1598 artis
1118 1558 1204 1612 ejus
1246 1557 1403 1599 abunde

282 1627 482 1683 perituS.’'
530 1645 532 1647 >
1397 1674 1402 1680 .

307 1697 467 1753 :Quod
518 1709 651 1738 autem
690 1709 812 1749 caput
853 1697 937 1738 esse
978 1697 1106 1738 credit
1151 1697 1404 1753 Tulpius

286 1770 503 1824 genuinum
542 1767 674 1809 oculis
715 1778 928 1816 umatum,
975 1769 1139 1809 minime
1165 1768 1268 1818 fuit,
1314 1781 1405 1822 pars

283 1846 416 1882 autem
445 1840 629 1891 corporis
658 1838 798 1879 mutila
825 1849 866 1878 et
905 1837 1144 1886 dilacerata,
1188 1850 1232 1880 ut
1268 1839 1404 1879 videre

282 1922 343 1951 est
370 1909 476 1962 apud
504 1907 885 1956 Bremserum,
917 1906 1019 1948 Tab.
1047 1907 1100 1948 11.
1130 1908 1198 1963 fig.
1219 1922 1316 1950 .10·
1337 1921 1399 1949 12.

282 1981 353 2034 qui
381 1978 502 2020 talem
530 1975 936 2032 Botlzr·ioceplzctlz.¹m
965 1977 1223 2020 dilaceratum
1262 1978 1402 2033 depin-

1343 2049 1400 2103 .gi

327 2181 390 2228 (1)
415 2183 550 2227 Tulp.
574 2184 597 2218 l.
623 2184 645 2218 1.
674 2183 749 2218 Lib.
775 2185 816 2219 II.
844 2192 877 2218 c.
896 2194 951 2228 4²·
981 2192 1014 2218 et
1042 2184 1124 2219 Tab.
1151 2194 1186 2228 7.
1209 2182 1264 2226 fig.
1291 2192 1322 2218 1.
