1519 2729
527 161 569 221 .(
624 157 762 215 95)

203 314 1100 409 SECTlofER‘sTIA

94 550 249 580 UTRUM
293 551 475 579 HEBRAEI
519 550 564 578 IN
607 530 691 579 nAc
738 549 892 578 AGnNm
924 546 1207 576 DIVERSITATE

153 620 457 651 MUTAVERUNT
505 620 727 656 1NDOLEM,
773 620 830 647 AN
862 618 972 647 vssRo
1004 616 1155 645 sunm-

550 677 759 719 VERUNT?

316 849 1005 882 &W

98 959 343 1054 Expositis
382 1002 535 1049 caufis,
580 994 667 1040 cur
694 997 868 1039 Hebraei
909 1010 1002 1041 ante
1036 998 1216 1041 exfilium

97 1069 394 1121 Babylonicum
421 1071 460 1111 se
489 1070 541 1111 ad
570 1068 773 1110 idolorum
814 1069 1071 1123 pluriumque
1103 1068 1219 1110 Deo-

98 1152 185 1180 rum
222 1140 375 1181 cultum
426 1140 544 1180 valde
589 1138 844 1193 propensos,
901 1151 1044 1193 postea
1084 1150 1217 1180 autem

98 1210 280 1250 universe
308 1211 357 1250 ab
386 1223 436 1250 eo
463 1210 722 1250 vehementer
750 1208 904 1249 alienos
933 1210 1214 1258 ostenderint,

100 1281 181 1321 hoc
217 1293 339 1321 unum
378 1292 501 1321 restat
547 1278 843 1333 quaerendum,
887 1291 1021 1321 utrum
1060 1281 1101 1320 in
1142 1275 1220 1320 hac

99 1350 242 1405 agendi
269 1351 489 1392 diverfitate
518 1350 758 1391 servaverint
788 1348 992 1399 indolem,
1037 1362 1088 1390 an
1123 1359 1222 1390 vero

100 1421 354 1461 mutaverint.
443 1420 555 1462 Haec
609 1431 707 1460 vero
749 1418 933 1471 quaestio
973 1418 1116 1473 sponte
1156 1419 1224 1460 sua

101 1489 270 1530 solvitur
310 1503 360 1532 ex
404 1492 482 1542 iis,
524 1502 627 1544 quae
666 1490 874 1541 hucusque
915 1488 1222 1543 disputavimus.

103 1557 297 1610 Etenim,
345 1574 438 1602 cum
495 1560 598 1601 hanc
647 1553 792 1614 agendi
836 1559 1102 1601 diverfitatem
1141 1561 1225 1613 ipfit

103 1629 206 1669 duce
236 1630 404 1671 historia
432 1631 739 1684 exposuerimus
761 1641 801 1671 et
828 1642 877 1670 ex
904 1630 988 1684 ipsa
1014 1629 1225 1672 Hebraeo-

104 1702 190 1739 rum
222 1699 357 1740 indole
387 1701 513 1754 hujus
541 1700 862 1755 indagaverimus
906 1700 1069 1751 causas,
1103 1714 1153 1741 ex
1178 1713 1226 1741 ea

104 1771 385 1822 expolitione,
415 1772 457 1811 -ni
485 1771 634 1819 fallor,
678 1781 789 1822 patet
818 1769 1072 1821 luculenter,
1105 1784 1226 1825 quae-

106 1850 197 1878 nam
235 1839 357 1880 fuerit
401 1841 588 1881 omnibus
646 1842 898 1894 temporibus
941 1841 1097 1882 indoles
1143 1839 1226 1882 He-

107 1907 321 1948 braeorum
338 1939 351 1958 ,
383 1921 573 1962 patetque
585 1939 598 1959 ,
615 1923 696 1952 non
715 1921 904 1951 mutatam
920 1909 1004 1950 esse
1018 1910 1197 1952 indolem
1210 1941 1227 1960 ‚

108 1977 175 2018 sed
223 1979 390 2018 omnino
444 1979 649 2021 servatam.
716 1979 1057 2035 Quandoquidem
1097 1991 1227 2021 tamen

107 2047 197 2088 Viri
226 2047 445 2090 Clarissimi
473 2050 573 2091 hanc
608 2051 729 2091 etlam
757 2052 1034 2105 quaestionem
1062 2053 1230 2092 omnino

111 2117 272 2171 dignam
315 2117 581 2168 censuerunt,
627 2133 729 2173 quae
777 2123 1003 2162 accuratius
1040 2132 1228 2163 tractare-

111 2197 198 2236 tur,
247 2187 359 2228 lubet
403 2189 443 2228 in
486 2189 566 2232 hoc
608 2190 743 2232 veluti
777 2190 853 2233 fine
896 2192 1050 2234 itineris
1090 2194 1231 2246 paucis

1118 2274 1231 2303 com·
