1519 2729
701 178 781 245 ’ζ
843 187 978 248 12²)

301 324 412 375 esse,
455 327 482 369 fi
523 326 591 368 illa
633 341 890 383 comparetur
934 345 1026 374 cum
1061 330 1247 373 distantia
1274 329 1422 373 caloris

299 397 439 436 aestivi
460 410 482 436 a
507 397 659 453 frigore
685 399 873 443 absoluto
889 433 901 452 ‚
947 414 988 442 et
1016 403 1140 458 igitur
1169 399 1424 453 evaporatio·

297 476 389 512 nem
417 469 766 520 proportionalem
803 472 886 513 esse
915 473 1034 525 posse
1064 471 1210 515 caloris
1238 469 1424 511 differen-

299 537 375 575 tiae
398 549 586 579 aestatem
615 540 719 580 inter
744 543 1018 593 acsshyemem.
1080 541 1179 597 Quo
1213 551 1425 595 argumen-

298 615 342 644 to
371 606 519 648 refutat
546 608 710 650 illorum
739 612 976 662 opinionem
1005 612 1075 664 qui
1100 611 1274 658 statuunt
1288 623 1309 659 ‚⁴
1332 621 1425 650 eva-

295 679 553 729 porationem
571 709 584 728 ,
624 681 649 720 fi
678 682 840 720 actione
868 682 971 735 ignis
1001 682 1200 729 oriretur,
1241 689 1427 732 tempore

294 745 472 797 hyemali
500 748 614 789 valde
644 751 842 791 minorem
868 749 952 790 esse
982 750 1129 791 debere
1163 762 1283 804 quam
1313 759 1426 790 ‘tem-

293 823 397 869 pore
428 820 596 859 aestivo.

355 892 438 940 3²⁰¹.
470 881 716 930 Pofitionem
747 891 808 932 de
840 889 958 932 Luc
987 892 1108 932 variis
1133 890 1428 945 probatexpe-

295 958 507 1009 rimentis‚
553 973 725 1013 quorum
755 962 929 1014 primum
959 962 1064 1002 idem
1099 972 1188 1010 est,
1233 973 1317 1014 quo
1356 957 1427 1000 Cl.

283 1026 346 1067 ‘Ie
391 1027 511 1081 Roy
551 1043 676 1083 aquae
712 1033 752 1071 in
793 1034 884 1073 aere
919 1031 1223 1073 dissolutionem
1251 1030 1429 1084 probare

295 1109 468 1139 conatus
496 1111 583 1149 est3
628 1102 740 1154 quod
766 1113 913 1155 nempe
939 1115 1041 1155 aqua
1080 1102 1328 1156 obteguntur
1356 1112 1428 1152 pa-

292 1167 414 1207 rietes
430 1171 585 1209 externi
614 1171 754 1211 vaseos
785 1170 945 1223 liquore
974 1170 1148 1224 repleti,
1179 1171 1294 1224 cujus
1326 1180 1427 1209 tem-v

291 1248 474 1291 peratum
496 1240 598 1280 aeris
611 1241 827 1280 ambientis
853 1238 1122 1293 temperatura
1143 1239 1276 1279 minor
1295 1249 1369 1280 est.
1384 1256 1429 1268 —

292 1306 478 1360 Vapores
523 1309 699 1362 aquosos
756 1310 991 1351 condensari
1035 1310 1135 1351 dicit
1177 1310 1240 1350 de
1279 1308 1427 1360 Luc,

292 1377 415 1431 igne,
473 1379 544 1430 qui
597 1378 691 1420 illos
734 1380 952 1429 dilatabat,
1008 1393 1076 1420 vas
1130 1380 1301 1420 intrante
1368 1389 1426 1419 at-

291 1459 371 1500 que
437 1447 639 1502 liquorem
707 1449 780 1490 illo
853 1460 1103 1490 contentum.
1194 1448 1427 1489 Secundum

289 1516 604 1571 phaenomenon
635 1531 695 1560 est
717 1519 972 1571 refrigeratio
999 1531 1102 1572 quae
1136 1519 1426 1571 evaporatione

286 1587 544 1640 producitur.
632 1588 874 1629 Observavit
913 1590 1034 1629 etiam
1068 1589 1264 1639 nubem,
1307 1583 1424 1644 cujus

242 1712 243 1715 Ἴ
288 1667 586 1711 temperatura,
619 1660 721 1700 aeris
753 1658 969 1700 ambientis
998 1670 1266 1713 temperatura
1294 1659 1425 1715 major

285 1726 380 1768 fuit.

345 1812 386 1850 4.
418 1798 547 1853 Saepe
585 1799 813 1842 observavit
852 1800 921 1841 Cl.
954 1800 1017 1841 de
1048 1800 1192 1851 Luc,
1232 1801 1272 1841 in
1301 1812 1423 1842 cacu-

287 1868 394 1907 mine
421 1871 621 1910 montium
646 1883 737 1910 cum
766 1871 869 1912 esset
887 1901 900 1919 ‚
935 1884 1106 1924 vapores
1136 1871 1340 1920 vifibiles,
1370 1883 1423 1911 ex

287 1937 523 1980 fluminibus
563 1941 605 1980 in
642 1942 734 1981 aere
769 1941 1086 1992 adscendentes,
1118 1943 1273 1982 oriente
1304 1941 1420 1991 sole-3
1460 1930 1500 1995 ,ἦ

284 2009 394 2048 unde
420 2009 660 2060 concludit,
705 2012 839 2054 aerem
870 2025 1015 2066 aquam
1057 2025 1140 2052 non
1173 2011 1419 2061 dissolvere,

289 2079 370 2120 hoc
411 2081 516 2120 enim
547 2081 571 2122 fi
610 2079 750 2123 locum
786 2083 984 2135 haberet,
1021 2094 1191 2136 vapores
1226 2095 1309 2123 non
1339 2082 1421 2122 ori·
1480 2084 1505 2090 ”

287 2158 424 2188 rentur
467 2161 518 2189 eo
549 2161 761 2204 tempore,
808 2166 892 2206 quo
917 2154 1018 2194 aeris
1046 2155 1311 2206 temperatura
1340 2152 1418 2192 mi'-

289 2219 399 2259 nima
428 2229 518 2271 est,
551 2232 670 2274 quam
701 2222 763 2266 ob,
787 2223 943 2268 causam
973 2224 1069 2279 ejus.
1093 2225 1154 2265 vis
1197 2221 1419 2272 dissolvens
1479 2228 1489 2254 -“

1345 2291 1419 2332 eti-

1510 1491 1515 1502 ι

1509 1506 1519 1525 ζ
