1519 2729
703 157 741 211 (
793 171 869 212 134
929 156 973 211 >¹

265 296 349 337 fere
380 292 631 351 Respublica
654 292 872 348 quaedam,
894 308 1004 350 ,quae
1022 296 1100 336 suis
1118 294 1276 349 legibus
1299 293 1392 335 fun-

267 367 585 412 damentalibus,
618 368 797 418 quamvis
826 367 1063 421 plerumque
1094 367 1252 414 tacitis‚
1284 365 1391 418 regi-

264 446 341 476 tur.
416 435 448 475 F
453 435 701 476 elicisfimam
735 437 868 488 itaque
911 437 1140 477 societatem
1185 433 1389 482 ineundo,

263 505 448 545 homines
474 505 591 545 finem
634 507 752 546 etiam
796 507 865 547 fibi
892 506 1188 559 proposuerunt
1212 504 1389 545 felicita-

262 585 361 613 temd
403 572 512 615 Huic
541 585 638 615 vero
663 574 847 616 felicitati
877 575 936 616 nil
966 577 1091 630 magis
1120 574 1247 615 obstat
1272 583 1392 625 quam

260 642 474 697 neglectus
504 657 642 685 eorum
671 645 895 700 officiorum
913 673 925 691 ,
971 644 1022 684 ad
1061 657 1161 697 quae
1191 641 1394 695 implenda

262 723 419 752 tenetur
447 713 594 761 homo,
635 715 728 762 cui,
769 712 795 754 fi
839 714 899 753 his
930 712 995 753 sua
1024 712 1165 764 sponte
1205 709 1394 765 fungere-

264 794 356 830 tur,
400 781 515 822 nullo
556 782 679 822 modo
727 796 829 835 opus
871 782 971 823 esset
1014 781 1201 835 legibuS‚
1245 773 1394 833 'quibus

262 853 379 892 unius
405 852 663 892 imbecillitas
691 864 732 892 et
758 851 920 893 alterius
948 849 1131 904 perversa
1159 849 1302 904 agendi
1331 862 1392 890 ra-

257 923 321 978 ·tio
359 922 700 975 reprimerentur,
740 934 780 963 et
807 923 856 963 ad
885 921 1089 962 societatis
1134 931 1393 966 communem

262 991 412 1040 finem,
457 991 506 1031 ad
551 991 740 1032 summam
783 991 1043 1039 felicitatem,
1097 989 1407 1043 adaptarentur.,'

263 1060 424 1102 Exinde
462 1061 613 1115 igffur,
658 1061 769 1114 quod
798 1062 980 1102 homines
1022 1072 1160 1100 omnes
1194 1071 1274 1099 non
1328 1071 1393 1098 ae-

257 1144 343 1184 que
370 1131 576 1172 moraliter
614 1132 712 1172 boni
743 1132 815 1172 fint
838 1144 957 1185 atque
986 1130 1210 1184 sapientes,
1255 1128 1394 1183 legum

262 1201 380 1242 fluxit
420 1203 657 1250 necesfitaS,
704 1214 871 1255 quarum
917 1202 1069 1242 sanctio
1111 1200 1394 1252 immorigeros

264 1272 321 1310 ita
355 1271 516 1323 quidem
559 1271 743 1326 obligat,
789 1283 833 1311 ut
862 1270 926 1311 vel
955 1270 1070 1310 inviti
1105 1269 1306 1309 societatis
1332 1267 1393 1307 fe-

264 1341 352 1381 lici
340 1353 457 1382 atem
487 1353 670 1395 atlerant
730 1341 951 1382 Pliuimum
981 1343 1114 1393 itaque
1142 1340 1308 1379 interest
1333 1335 1391 1376 le-

263 1410 492 1464 gislatoiis‚
523 1423 567 1451 ut
588 1412 718 1464 probe
747 1411 870 1460 sciat
901 1411 950 1451 ad
979 1421 1173 1462 qu·1enam
1198 1408 1288 1460 quis
1318 1419 1391 1448 co-

262 1481 304 1535 gi
336 1492 484 1532 queat,
516 1482 564 1521 ad
592 1494 785 1534 quaenam
808 1494 905 1521 v·eio
933 1482 1078 1519 minus

323 1549 391 1590 Ob
433 1549 614 1590 eamdem
655 1563 818 1603 quoque
858 1550 1068 1590 homiuum
1095 1547 1392 1600 perversitatem

260 1620 506 1671 requiritur,
563 1631 607 1660 ut
649 1620 798 1673 singula
848 1631 950 1672 quae
1001 1618 1161 1666 facere,
1208 1628 1391 1669 quaeque

260 1690 452 1729 omittere
477 1689 648 1729 debeant
679 1689 737 1730 illi
756 1720 768 1737 ,
801 1700 986 1729 accurate
1003 1687 1269 1735 definiantur3
1290 1684 1392 1726 xnul-

260 1759 304 1799 lo
346 1761 452 1800 enim
491 1771 615 1812 pacto
657 1762 783 1815 magis
811 1761 860 1800 ad
890 1760 1019 1801 officia
1051 1758 1116 1799 sua
1150 1755 1392 1811 negligenda

260 1830 445 1870 homines
472 1829 597 1869 veluti
635 1829 920 1880 allicerentur,
965 1841 1004 1869 et
1034 1828 1112 1869 fine
1140 1827 1211 1868 suo
1238 1836 1392 1868 careret

261 1900 433 1950 civitas,
477 1913 596 1952 quam
640 1899 902 1942 distinctione
946 1899 1015 1940 illa
1055 1897 1168 1952 vulgi
1219 1896 1389 1937 arbitrio

260 1969 415 2010 relicui.
507 1969 585 2010 Sed
636 1970 769 2011 hocce
826 1971 876 2011 de
932 1969 1251 2024 obligationibus
1309 1964 1389 2006 suis

257 2038 475 2091 implendis
528 2040 738 2082 hominum
779 2041 958 2095 judicio*
988 2038 1290 2097 restringendo,
1347 2047 1388 2084 ct

256 2108 420 2162 quidem
463 2122 585 2163 quam
641 2112 813 2153 maxime
855 2110 897 2151 id
948 2110 1033 2151 ficri
1076 2120 1240 2162 potest,
1283 2110 1385 2151 nihil

1288 2192 1385 2233 pec—
