1519 2729
585 193 611 247 <
675 205 726 248 13
786 188 811 243 )

145 338 315 381 suefacti
333 366 346 385 ‚
379 336 418 376 in
445 329 751 375 admirationem
781 327 937 381 semper
959 336 998 366 et
1041 328 1174 370 ubivis
1217 342 1277 371 ra-

103 456 107 460 ,
141 419 343 463 peremur.

200 476 355 518 Natura
378 474 485 514 enim
514 470 650 512 ubivis
680 479 871 509 terrarum
902 467 1064 509 oracula
1094 467 1159 510 sua
1184 468 1277 509 fun·

143 547 233 596 dit,
263 546 401 599 etqui
430 544 515 583 eius
554 538 752 591 mysteriis
793 539 940 578 initiari
985 539 1124 591 cupis,
1158 539 1278 579 *hunc

138 615 378 670 «investigare
405 626 492 654 eam
523 619 714 664 oportet‚
745 620 829 648 non
857 620 1011 650 tantum
1042 610 1082 649 in
1123 610 1278 662 campis

141 687 288 735 laetis,
311 686 370 725 >in
400 681 572 723 vallibus
600 677 806 732 frugiferis
836 689 876 718 et
905 678 946 718 in
985 677 1105 730 sylvis
1145 691 1281 719 amoo-

146 758 237 805 nis,
269 756 339 796 sub
365 750 568 806 aequabili
601 747 724 790 c'oelo
754 750 865 798 fitis,
897 748 966 788 sed
994 751 1115 789 etiarn
1143 750 1183 788 in
1212 749 1279 788 de-

148 827 261 868 sertis
291 825 439 872 vastis,
470 823 510 862 in
539 820 701 874 rupium
729 810 1009 860 cacuminibus
1038 820 1105 859 vix
1133 819 1281 859 adeun-

147 896 210 937 dis
226 925 239 943 ,
271 897 314 935 in>
337 893 485 947 pelago
514 889 662 939 infido,
690 900 730 929 et
756 890 796 929 in
821 888 926 929 locis
943 919 956 939 ,
989 900 1068 929 tam
1085 889 1280 938 fervidis,

148 978 267 1020 quam
304 966 395 1004 nive
434 973 474 1002 et
512 961 643 1015 glacie
683 971 882 1013 perpetuo
908 960 1041 1000 tectis.
1131 957 1281 998 Ubivis

146 1036 254 1075 enim
300 1031 466 1074 fosfilia-
492 1029 870 1082 deprehenduntur:
917 1028 1123 1082 quaelibet
1165 1028 1297 1081 regio

145 1103 338 1158 quasdam
377 1099 645 1153 alit‘plantas
685 1100 930 1152 arboresque
970 1099 1020 1139 ab
1061 1097 1142 1138 alio
1181 1096 1281 1138 loco

147 1174 323 1222 alienas,
382 1170 447 1213 vel
503 1170 631 1223 patria
670 1182 731 1211 est
770 1169 1031 1217 animalium,
1083 1179 1186 1221 quae
1241 1169 1282 1207 in

148 1245 317 1287 caeteris
349 1243 465 1283 zonis
505 1252 588 1280 non
618 1252 852 1282 occurrunt.
913 1238 1031 1279 Unus
1072 1237 1141 1278 hic
1172 1239 1282 1278 exci-

99 1365 107 1372 x
147 1317 259 1370 pitur
287 1309 444 1361 homo,
476 1312 547 1363 qui
575 1323 738 1351 omnem
765 1323 907 1352 terram
925 1339 938 1358 ‚
983 1319 1184 1361 tamquam
1210 1320 1282 1361 pa-

87 1412 96 1417 »
150 1385 382 1432 trimonium
400 1412 413 1431 ‚
446 1392 623 1432 occupat
652 1393 692 1421 et
720 1380 912 1434 posfidet.

208 1454 317 1496 Cum
345 1454 444 1493 haec
473 1452 608 1491 omnia
634 1449 893 1503 philosophis
919 1449 992 1490 fint
1029 1446 1282 1501 indaganda,

148 1536 281 1577 neque
310 1534 452 1567 eorum
491 1518 636 1561 oculos
678 1520 818 1575 fugere
846 1518 1029 1573 posfint,
1075 1516 1195 1558 facile
1224 1519 1284 1558 in-

151 1593 373 1648 telligitur,
414 1603 603 1644 campum
631 1603 750 1643 quam
778 1590 1007 1631 latissimum
1037 1589 1086 1628 iis
1114 1599 1278 1640 patere,

152 1673 329 1716 quem,
344 1670 513 1716 propter
553 1660 798 1702 facultatum
838 1669 1064 1700 nostrarum
1095 1656 1283 1697 imbecil-

153 1730 334 1781 litatem,
346 1733 518 1774 nonnifi
557 1733 598 1772 in
626 1742 758 1784 partes
788 1729 957 1770 divisum
984 1728 1060 1768 rite
1095 1727 1283 1780 indagare

154 1803 319 1856 possint.
391 1801 604 1858 Quocirca
635 1814 711 1854 pro
738 1801 1114 1854 phaenomenorum
1153 1796 1284 1836 diver-

153 1873 291 1921 fitate‚
321 1884 487 1926 regnum
515 1869 684 1925 fosfile‚
724 1869 966 1925 ¹vegetabile
1009 1877 1050 1907 et
1091 1866 1284 1908 animale

152 1955 175 1984 a
214 1942 253 1984 se
281 1943 454 1983 invicem
485 1941 753 1992 discernuntt,
797 1940 838 1980 in
868 1939 999 1992 iisque
1040 1935 1286 1991 distinguunt

1215 2018 1282 2046 na-

196 2163 259 2209 (1)
283 2164 312 2210 J.
344 2165 387 2198 G.
416 2171 438 2196 v
453 2174 474 2197 0
488 2173 509 2197 n
523 2143 534 2204 ι,
547 2163 580 2198 H
596 2172 613 2196 e
630 2171 646 2197 r
659 2162 680 2197 d
697 2172 715 2198 e
731 2173 747 2196 r
762 2187 773 2204 ‚
796 2162 884 2198 ldeeftz
908 2170 970 2195 zm·
995 2157 1082 2193 Plzil.
1119 2156 1177 2191 der
1222 2144 1289 2191 Θεέ

147 2221 215 2270 sch.
241 2222 299 2256 der
324 2219 481 2257 [tamem.
513 2221 541 2257 I.
565 2220 629 2256 Th.
653 2217 677 2253 s.
708 2228 766 2262 47.
