1519 2729
733 149 956 206 (66)

264 300 398 330 rerum
450 287 747 342 incognitarum
813 287 1121 343 intelligentiam
1176 298 1251 328 nos
1308 285 1380 327 du-

267 360 339 400 cit.
372 356 397 412 ζ
406 354 454 410 1)

324 427 382 469 Et
422 430 477 469 ita-
518 427 661 481 sponte
705 426 770 467 sua
811 438 948 480 patet,
995 426 1382 480 repraesentationes

270 498 445 540 'nostras'
469 498 605 539 senfin]
645 497 864 549 senfimque
905 499 954 539 ad
982 499 1174 539 maiorem
1212 506 1384 548 progre-

274 569 314 609 di
356 569 489 609 lucem
529 579 569 606 et
612 565 936 618 perfectionem,
982 567 1009 607 fi
1043 568 1143 608 hanc
1173 566 1294 606 animi
1325 563 1383 604 fa-

269 637 460 679 cultatem
492 637 689 675 continuo
717 634 981 684 excolamus3
1013 647 1137 689 atque.
1163 635 1237 674 hac
1261 634 1384 674 ratio-

268 718 319 746 ne
350 706 631 759 cognitionem
660 714 792 743 rerum
826 714 866 743 et
893 706 1102 745 veritatem
1133 705 1174 744 in
1200 703 1285 744 dies
1314 715 1385 743 au-

265 777 381 830 geri,
425 785 467 814 et
507 773 558 816 ad
602 774 795 814 maiorem
827 775 1098 827 perfectionis
1126 773 1295 829 gradum
1317 770 1385 813 ad-

266 844 377 889 duci.

323 913 761 968 Repraesentationes,
786 927 885 968 quas
913 916 1148 969 accepimus
1174 923 1216 953 et
1244 910 1385 953 elabo-

266 986 463 1034 ravimus,
490 984 639 1024 iudicia
664 996 766 1037 quae
784 984 947 1025 tulimus
963 1015 976 1033 ‚
1007 996 1051 1026 ut
1068 983 1352 1025 conservemus
1369 1011 1384 1031 ‚

265 1057 417 1097 utimur
442 1067 488 1096 ea
517 1053 740 1103 facultate,
771 1067 873 1107 quae
905 1065 966 1094 est
991 1055 1170 1095 sensuum
1203 1053 1310 1106 quast
1325 1053 1385 1092 vi-

266 1127 386 1167 caria.
418 1124 624 1166 Memoria
645 1125 750 1164 enim
767 1154 780 1172 ,
809 1137 911 1176 quae
926 1123 1153 1166 Phantafiae
1179 1135 1270 1176 pars
1292 1133 1352 1162 est
1370 1151 1385 1171 ‚

265 1198 457 1238 notiones
509 1206 587 1236 etc.
638 1193 952 1243 conservamus,
1009 1206 1050 1234 et
1092 1193 1385 1247 Imaginatione

269 1265 659 1320 repraesentationes
697 1277 829 1304 rerum
873 1250 980 1316 quali
1020 1275 1111 1304 ante
1150 1261 1295 1303 ocu-los
1322 1273 1385 1301 re-

270 1349 491 1384 vocamus,
532 1334 617 1376 vel·
637 1335 735 1375 alias
760 1334 810 1375 ad
839 1346 973 1374 earum
1001 1331 1298 1374 similitu-dinem
1326 1331 1388 1370 in-

269 1405 520 1454 formamus3
562 1401 643 1456 (2)
688 1403 811 1444 altem
841 1401 1156 1454 reproducentis
1189 1402 1383 1451 nomine,

265 1475 471 1531 fingentis
498 1473 620 1514 altera
647 1473 824 1527 insigniri
857 1471 973 1511 solet.

331 1544 443 1586 Haec
477 1556 575 1584 vero
617 1542 792 1583 sufficere
829 1541 1043 1590 videntur,
1090 1551 1134 1582 ut
1178 1551 1388 1588 cernatur,

276 1614 375 1668 quid
404 1613 579 1655 diversae
606 1612 771 1654 rationis
800 1614 929 1662 vires,
962 1610 1185 1652 dummodo
1204 1609 1389 1652 excultae

272 1684 376 1733 fint,
413 1683 463 1724 ad
488 1683 663 1723 hominis
694 1683 972 1735 cognitionem
1005 1681 1247 1722 conducant.

329 1753 397 1794 Ad
433 1753 611 1793 veritatis
649 1751 927 1805 cognitionem
957 1750 1064 1791 valet
1101 1762 1267 1804 quoque
1291 1747 1387 1805 sen-

264 1820 341 1877 sus
385 1821 590 1864 iucundus
645 1832 685 1861 et
730 1821 995 1862 iniucundus.
1085 1820 1231 1861 Sensus
1281 1820 1389 1860 enim

267 1903 332 1934 est
385 1891 505 1933 status
553 1892 632 1933 five
687 1891 899 1940 conditio,
947 1891 988 1931 in
1030 1903 1109 1944 qua
1154 1902 1260 1931 nunc
1306 1887 1389 1942 ipsa

1276 1970 1387 1998 mens

310 2058 917 2104 (1)Wyttenbach,l.c.p.
942 2069 997 2103 25.

310 2115 373 2161 (2)
398 2118 680 2160 Reinhard,
719 2127 744 2154 t.
779 2129 808 2154 a.
839 2129 874 2162 p.
898 2119 931 2162 §.
964 2127 1028 2160 30,
1066 2126 1122 2160 31.
1165 2116 1388 2158 Wytten·

268 2172 656 2218 bach,1.c.p.47.
