1519 2729
709 162 960 221 (106)

285 300 467 344 manserit
506 303 677 345 eadem?
722 303 890 345 Scilicet
934 302 1172 358 explicitum
1212 304 1290 346 fuit
1315 300 1402 345 He·

284 371 495 413 braeor'um
540 375 774 428 ingenium„
831 374 982 423 Senfim
1033 376 1139 416 enim
1179 369 1399 427 sensimque

282 444 364 495 apti
396 443 600 483 evaserunt
627 444 792 497 ingenio
821 443 1026 494 Hebraei,
1058 446 1126 498 qui
1159 443 1332 484 saniores
1348 443 1399 483 de

282 509 380 553 Deo
408 513 600 554 haberent
635 514 852 564 notiones,
898 526 1016 568 atque
1045 513 1248 554 idolorum
1286 502 1397 552 vani·

283 592 403 622 tatem
444 584 514 634 ipfi
543 583 820 636 perspicerent
847 595 887 623 et
921 584 1206 638 intelligerent.
1267 580 1399 622 Idem·

281 662 360 704 que
387 652 487 693 adeo
517 655 653 694 mansit
682 655 730 694 iis
759 655 939 702 animus,
970 654 1107 694 eadem
1150 652 1396 700 affectuum,

280 721 458 763 sensuum
477 752 490 772 ,
520 723 736 764 studiorum
769 724 900 771 ratio,
931 723 1068 762 eadem
1099 721 1283 770 indoles,
1327 734 1396 762 ex·

280 791 428 845 plicito
465 804 505 833 et
539 793 589 833 ad
630 792 917 846 perfectiorem
959 793 1155 832 rationem
1196 791 1396 845 perducto

279 863 459 918 ingenio.
520 863 576 903 Et
606 873 715 915 patet
746 863 856 911 hoc,
888 862 927 910 ni
957 861 1108 911 fallor,
1140 874 1162 901 e
1190 872 1275 901 tota
1301 873 1395 901 nos-

279 944 337 975 tra
392 934 762 981 commentatione,
817 945 896 986 qua
950 931 991 972 id
1031 932 1150 972 unice
1191 942 1396 984 exponere

278 1001 523 1054 studuimus*⁷
568 1004 750 1043 maximis
774 1001 1042 1043 monumentis
1068 1001 1309 1054 indiciisque
1335 999 1395 1041 di-

275 1074 390 1112 vinae
427 1073 663 1127 majestatis,
709 1084 749 1114 et
788 1072 1035 1112 institutione
1068 1071 1221 1123 optima
1256 1063 1393 1111 senfim

276 1142 552 1196 paulatimque
603 1143 645 1184 id
684 1142 804 1184 fuisse
855 1141 1073 1189 effectum,
1117 1151 1161 1181 ut
1215 1138 1394 1180 Hebraei

277 1214 451 1266 primum
494 1214 656 1266 quidem
697 1214 896 1254 interdum
948 1211 1130 1254 colerent
1165 1209 1392 1264 Jehovam‚

277 1282 432 1323 relictis
461 1283 625 1323 subinde
652 1282 804 1333 idolis3
849 1282 991 1323 deinde
1032 1282 1072 1322 in
1101 1279 1243 1322 exfilio
1284 1278 1395 1320 idola

276 1354 436 1405 penitus
480 1352 663 1405 linquere
695 1352 921 1402 discerent,
967 1364 1007 1392 et
1049 1351 1202 1392 cultum
1237 1349 1394 1391 Mosai-

277 1436 370 1463 cum
413 1424 574 1476 penitus
611 1433 818 1472 tenerent;
864 1422 1021 1462 tandem
1070 1422 1190 1460 etiam
1231 1429 1394 1460 omnem

276 1492 545 1534 idololatriam
589 1492 686 1532 odio
717 1492 910 1532 haberent
935 1490 1221 1540 acerbissimo,
1265 1489 1394 1529 avitae

274 1561 484 1617 religionis
512 1563 764 1603 tenacisfimi.

333 1629 498 1673 Etenim
552 1630 762 1672 Hebraeos
810 1633 836 1673 fi
904 1629 1250 1684 contemplemur,
1310 1641 1394 1682 quo

276 1707 460 1754 tempore
500 1696 800 1756 ‘legislationem
847 1700 1394 1753 Sinaiticamsacceperunt,

275 1770 457 1811 videmus
486 1770 580 1811 illos
605 1772 863 1812 vehementer
900 1767 1257 1812 ad'idololatriam
1299 1781 1394 1822 pro-

275 1841 449 1892 pensos,
491 1844 643 1894 qnippe
674 1843 787 1894 quis
809 1841 975 1882 vixdum
1017 1841 1105 1882 data
1135 1840 1226 1893 lege
1251 1849 1292 1879 et
1328 1851 1394 1879 os-

277 1907 383 1950 tensa
410 1909 560 1952 summa
585 1911 767 1965 Jehovae
799 1911 1027 1965 majestate,
1061 1922 1191 1950 tamen
1222 1908 1272 1949 ad
1300 1921 1394 1949 vac-

277 1991 363 2019 cam
396 1981 608 2022 colendam
640 1982 958 2035 prolaberentur.
1035 1980 1141 2028 Sed,
1187 1977 1394 2019 vindicato

276 2053 452 2091 externis
487 2055 694 2104 potentiae
734 2052 890 2092 divinae
929 2051 1182 2091 documentis
1215 2048 1394 2103 Jehovae

277 2119 420 2169 cultu,
463 2122 511 2162 ad
551 2135 641 2163 cnm
686 2122 828 2175 sponte
865 2121 930 2162 sua
972 2120 1139 2160 redeunt
1189 2117 1393 2159 Israelitae

280 2190 475 2234 Samuelis
504 2203 702 2246 tempore.
762 2191 817 2233 Et
855 2191 930 2233 illo
951 2191 1031 2246 ᾔτηη
1057 2203 1158 2232 aevo
1183 2191 1262 2231 huc
1296 2201 1393 2241 pro-

1280 2270 1395 2314 gres-

1504 395 1518 422 l.
