1519 2729
537 183 762 245 (81)

93 320 253 361 suorum
283 320 405 362 tutela
433 321 614 363 viderent
654 323 890 377 destitutos,
932 326 1087 382 Jehova
1132 342 1213 390 ter-

91 402 155 430 rae
182 389 371 444 coelique
397 391 582 432 dominus
627 393 736 446 ipsos
785 396 982 439 benevola
1023 412 1070 440 ac
1111 414 1205 453 pro-

82 459 179 500 vida
218 472 312 499 cura
357 459 718 512 complectebatur.
808 465 974 520 Saepius
1017 471 1122 510 enim
1164 473 1204 511 in

87 529 250 570 summis
288 531 480 583 periculis
521 532 771 585 inopinatum
809 537 971 589 prorsus
1000 549 1039 579 et
1069 541 1207 581 mirifi-

86 612 180 640 cum
229 599 313 654 ejus
363 602 673 653 experiebantur
724 605 946 657 auxilium,
989 609 1044 649 ita
1094 622 1138 650 ut
1185 623 1208 651 e

85 671 226 710 mortis
253 670 354 710 adeo
380 670 564 712 faucibus
594 675 843 725 eriperentur
885 689 1170 732 nonnunquam
1189 709 1204 729 ‚

84 750 126 779 et
179 739 337 780 divinae
392 743 597 794 potentiae
645 743 875 798 favorisque
918 747 1207 790 documentum

84 809 322 850 exhiberent
365 810 672 853 illustrissimum
720 813 815 868 (a).
902 816 1048 872 Quid?
1093 819 1207 872 quod

82 879 167 932 ipse
197 879 529 931 Nebucadnesar,
558 883 607 922 ad
631 886 848 924 erectiores
877 877 1087 940 religionis
1118 889 1205 928 sen·

83 949 148 990 sus
201 963 291 991 cum
335 951 443 1004 apud
483 951 853 1001 Hebrae0s‚-tum
893 957 999 1008 apud
1040 960 1201 1011 imperii

82 1019 138 1059 sui
169 1021 277 1060 cives
306 1033 574 1074 quoscunque
610 1023 871 1073 excitand03‚
916 1025 1087 1068 summas
1121 1027 1205 1069 Dei

80 1090 247 1129 virtutes
270 1089 401 1142 palam
427 1090 632 1131 celebrare
657 1085 893 1147 cogebatur.
955 1094 1037 1137 Hic
1066 1098 1201 1151 itaque

14 1196 23 1203 ,
80 1157 198 1196 variis
226 1160 601 1212 opportunitatibus
640 1162 705 1202 vel
735 1163 820 1216 ejus
849 1164 1054 1207 scientiam
1085 1181 1201 1221 prae-
1253 1212 1261 1219 ⁴

80 1225 260 1277 dicavit,
282 1241 393 1282 ‚quae
424 1231 463 1269 in
492 1230 651 1270 abditos
678 1233 798 1272 animi
829 1233 991 1276 humani
1020 1238 1200 1279 recessus

70 1305 332 1350 penetraret,
376 1310 416 1339 et
459 1299 620 1349 futura,
665 1314 687 1341 a
717 1303 954 1345 mortalibus
998 1308 1202 1359 nunquam

79 1367 380 1422 investiganda,
425 1370 619 1418 revelaret
643 1368 750 1424 (ως
795 1372 859 1413 vel
890 1374 977 1428 ejus
1021 1377 1199 1430 majesta-

75 1446 160 1476 tem
201 1450 248 1478 ac
296 1449 538 1490 potestatem
582 1442 748 1480 caeteris
800 1442 896 1484 Diis
933 1444 1094 1486 infinito
1137 1448 1200 1488 su-

79 1508 279 1559 periorem
313 1506 410 1561 (e);
441 1508 505 1549 vel
535 1509 621 1564 ejus
651 1512 859 1565 regimen,
905 1515 1016 1567 quod
1054 1530 1195 1559 omnes

37 1571 41 1573 ’
79 1577 158 1617 fine
184 1577 415 1619 discrimine
445 1591 584 1634 gentes
623 1580 967 1634 complecteretur
1003 1597 1045 1625 et
1079 1587 1227 1643 stabi-V

78 1644 115 1685 le
143 1659 393 1699 permaneret
410 1647 503 1702 (d).
563 1649 713 1691 Nonne
737 1653 860 1706 igitur
887 1655 1051 1708 rejectis
1075 1658 1192 1710 peni'-

79 1725 140 1755 tus
167 1714 288 1755 idolis
314 1716 420 1762 hune
443 1716 579 1759 Deum
609 1718 865 1774 summopere
895 1724 1077 1766 colerent
1112 1727 1197 1768 Hc-

78 1783 215 1833 braei‚
246 1797 378 1839 eoque
404 1788 664 1830 vehementer
701 1790 995 1845 gloriarentur,
1043 1798 1082 1836 in
1112 1811 1196 1850 quo

76 1866 197 1895 omne
227 1855 340 1896 suum
368 1857 491 1899 decus
521 1858 807 1912 conspicerent
842 1874 884 1902 et
921 1866 1198 1916 praesidium?

1135 1936 1192 1979 At

121 1987 186 2034 (a)
208 1991 292 2025 Dan.
321 1992 438 2028 I-VI.
475 1995 528 2027 De
558 2003 631 2029 toto
658 1997 723 2031 hoc
752 2009 945 2042 argumento
978 2003 1066 2038 conf.
1094 2004 1198 2037 omni-

75 2055 119 2079 no
146 2046 317 2089 Royaards
333 2073 343 2088 ‚
368 2050 390 2082 Ι.
414 2051 436 2083 l.
461 2060 495 2093 p.
524 2053 587 2093 238
604 2064 708 2098 -254.

120 2099 181 2147 (h)
207 2103 288 2138 Dan.
318 2105 364 2138 H:
392 2117 448 2149 47.

120 2157 177 2202 (c)
202 2160 286 2194 Dan.
311 2162 372 2196 111:
398 2174 453 2207 29.

108 2212 181 2257 (A)
206 2215 287 2250 Dan.
320 2219 375 2251 Νι
404 2229 472 2262 34,
498 2230 554 2264 35.

618 2281 652 2322 F
