1519 2729
497 180 753 241 (207)

75 316 280 382 przncipio
295 326 383 368 fluit
398 319 586 376 coactio,
601 323 714 379 quod
730 323 846 379 supra
857 323 1185 380 Jam³attigi1nus‘‚

73 407 156 438 non
183 409 281 437 vero
309 407 332 435 e
357 395 450 450 lege
478 393 634 435 morali.
673 393 755 436 Sed
780 393 1190 452 habent'‘hoc⁴majtis

74 477 289 519 praecepta
314 476 451 506 nostra
478 463 645 506 moralia
661 494 674 514 ‚
705 475 751 505 ut
778 464 1104 519 complectantur
1127 462 1192 507 of-

73 534 166 576 ficia
190 536 300 576 circa
329 536 465 576 omnia
490 535 626 585 entia,
657 536 788 576 etiamr
806 536 916 577 circa
939 546 1100 577 nosmet
1129 537 1192 589 ip-

73 604 161 652 Γοε,
192 617 317 658 utque
344 590 554 646 confistafit
569 606 610 646 in
637 604 823 660 agendo,
854 612 957 660 quae
987 606 1123 647 omnia
1149 606 1192 647 in

70 672 177 730 Juris
205 674 448 716 deductione
477 672 601 727 longe
630 672 746 715 aliter
774 674 854 716 sese
883 674 1032 721 babent
1053 675 1077 730 <
1086 673 1149 728 1).

135 742 478 798 imperfectorum
522 743 750 786 officiorum
791 745 1039 799 principium
1071 746 1195 786 habe·

76 823 165 854 tur:
196 842 226 866 ,,
256 812 315 854 Ita
343 812 408 854 fac
435 824 528 868 agas
548 842 561 861 ‚
603 825 647 854 ut
673 813 877 856 auxilieris
900 814 1074 857 aliorum
1103 815 1194 857 fini·

73 911 103 936 „
134 883 210 924 bus
235 882 509 937 attingendis,
542 894 745 936 quatenus
763 885 806 926 hi
836 884 964 936 fines,
1006 884 1191 938 illudque

72 980 103 1007 ‚,
133 951 327 995 auxilium
353 961 436 992 non
457 952 684 994 habeantur
709 954 979 1006 immoralias
967 953 994 970 '⁹
1025 955 1090 996 vel
1114 956 1197 996 eti·

73 1033 162 1063 am:
194 1028 223 1075 35'
253 1022 308 1062 ita
335 1033 440 1077 age,
478 1033 524 1062 ut
551 1022 577 1063 fi
607 1019 780 1076 qui'sque
809 1025 865 1066 ita
891 1036 1058 1080 ageret,
1093 1024 1195 1065 fines

73 1121 104 1146 „
132 1092 414 1147 cujuscunque
456 1092 561 1132 en-tis
601 1092 822 1133 rationalis·
848 1083 1011 1146 optimi>
1065 1093 1193 1136 modo

72 1191 104 1215 „
132 1163 277 1218 attingi
319 1162 487 1216 possent
524 1173 592 1204 aut
629 1163 893 1218 promoveri'’
925 1160 1023 1219 (2).

130 1233 361 1290 Percipitur
387 1224 911 1282 continuos-conditiones
941 1233 1010 1275 hic
1040 1232 1189 1276 multas

83 1302 182 1345 dari.
211 1319 216 1327 ··
253 1303 299 1345 In
339 1304 515 1356 finibus,
560 1305 632 1359 qui
669 1301 782 1344 ssmul
824 1303 914 1345 sunt
952 1303 1083 1345 officia
1109 1302 1190 1358 (3)

77 1371 250 1414 habetur
303 1385 459 1415 revera:
511 1400 541 1427 „
569 1366 740 1414 alibrum
788 1372 904 1414 saluti
955 1367 1191 1415 inservias?

78 1441 162 1486 Sed
190 1444 400 1498 quomodo
431 1445 525 1487 huic
561 1443 646 1497 legi
676 1442 908 1484 indistincte
932 1443 1200 1497 obtempera-⁷

74 1524 118 1555 re
153 1513 394 1566 possimus?
427 1511 616 1554 Aliorum
656 1512 764 1553 enim
801 1513 1020 1555 commoda
1062 1521 1186 1567 quan·

76 1585 219 1636 topere
264 1584 367 1623 inter
406 1581 445 1622 se
484 1583 699 1638 pugnant?
743 1582 788 1625 Si
828 1582 945 1624 alteri
996 1583 1189 1626 auxilium

75 1653 186 1701 fers,
217 1653 302 1695 fieri
328 1655 397 1696 vix
423 1665 587 1709 potest,
619 1653 716 1707 quin
746 1653 886 1694 tertius
915 1653 996 1694 hoc
1033 1653 1188 1694 auxilio

77 1722 239 1773 cai-cart,
285 1722 422 1764 saltem
456 1723 628 1777 quisque
654 1722 798 1764 eodem
824 1722 1047 1780 commodo
1083 1724 1187 1765 affici

75 1802 157 1833 non
187 1803 336 1846 potest.
395 1791 438 1833 Si
469 1791 567 1846 quid
594 1792 695 1833 alter
718 1799 860 1834 nactus
890 1804 977 1841 est,
1008 1791 1108 1834 alter
1133 1805 1188 1834 eo

75 1873 209 1904 careat
227 1861 388 1902 necesse
416 1872 490 1902 est.
550 1860 661 1902 Dein
686 1874 847 1903 nosmet
870 1862 978 1915 ipsos
1006 1862 1187 1904 necessa·

75 1932 138 1975 rio
167 1930 388 1983 laedimus,
433 1931 460 1973 fi
487 1931 718 1974 indistincte
761 1931 949 1974 omnibus
989 1931 1193 1975 auxilium

1126 2003 1186 2045 fe-

119 2100 184 2149 (1)
207 2102 259 2137 De
285 2103 429 2144 Ranltz,
453 2102 546 2148 supra
567 2103 629 2147 §am
653 2100 740 2139 laud.
770 2103 847 2140 vid.
868 2103 949 2140 insti
970 2114 1005 2149 p.
1025 2115 1090 2155 222
1111 2103 1185 2154 sqq.

113 2157 185 2205 (2)
208 2162 290 2196 Crit.
308 2160 402 2205 Mag.
428 2161 484 2195 lv.
509 2159 549 2194 D.
579 2172 614 2205 p.
639 2161 712 2197 16¹.

130 2213 194 2263 (3)
219 2217 497 2260 Kanc‚Einl.
501 2230 534 2253 2.
555 2218 631 2262 Tug.
657 2227 690 2260 p.
718 2226 768 2261 ¹3·

618 2274 660 2317 Ο
