1519 2729
677 177 897 236 (60)

232 318 482 373 potisfimum
517 327 646 358 tamen
684 315 895 370 jehovanr
920 328 1012 357 cum
1043 315 1210 355 caeteris
1245 311 1341 355 Diis

233 399 311 427 una
335 388 510 427 venerati
538 386 638 427 sunt.
697 385 1023 428 Praesentisfimis
1062 395 1194 424 autem
1237 381 1341 422 cala-

233 457 439 497 mitatibus
469 456 602 497 afflicti
646 455 877 506 Israelitae‚
919 468 966 495 ac
1008 452 1104 494 Deo
1130 452 1341 507 adjuvante

233 539 284 567 ex
327 527 504 567 hostium
549 539 667 567 manu
698 528 856 581 erepti,
896 524 1073 579 Jehovae
1118 522 1342 575 potentiam

232 597 364 651 palam
396 597 675 646 celebrarunt,
707 609 747 637 et
773 598 823 637 ab
852 595 1055 637 idolorum
1083 592 1343 645 pluriumque

233 666 418 708 Deorum
449 665 560 707 cultu
591 666 787 707 destitere.
854 665 934 706 Sed
974 675 1109 704 earum
1137 662 1341 703 calamita-

183 756 186 760 ·
235 747 318 777 tum
345 736 630 789 publicarum,
673 737 1021 786 maximorumque
1060 730 1218 771 divinae
1256 741 1342 769 ma-

231 806 381 861 jestatis
404 806 740 847 documentorum
757 816 902 858 quanta
917 805 976 844 vis
996 801 1171 842 fueritin
1187 801 1343 841 animos

234 874 529 922 Israelitarum,
572 875 754 929 quamvis
785 887 834 915 ex
861 886 912 913 eo
939 883 1101 926 pateat,
1147 870 1260 925 quod
1286 871 1345 910 in-

233 945 389 986 terdum
431 958 504 998 per
539 945 677 986 brevia
715 955 944 998 temporum
986 941 1195 982 intervalla
1221 940 1347 996 Jeho-

232 1026 322 1054 vam
359 1013 574 1055 coluerunt
605 1013 808 1063 Hebraei,
856 1024 984 1053 tamen
1013 1004 1348 1054 omnium‘maxi-

232 1096 297 1124 me
319 1094 429 1136 patet
456 1095 478 1123 e
508 1083 585 1123 fine
615 1084 739 1124 totius
765 1083 887 1137 hujus·
911 1081 1094 1135 periodi,
1127 1083 1228 1134 quae
1255 1091 1346 1120 ante

233 1153 461 1194 Samuelem
497 1153 664 1194 effluxit.
745 1152 927 1192 Tandem
971 1153 1078 1191 enim
1115 1149 1343 1199 Israe‘litae‚

234 1236 308 1277 per
332 1222 496 1277 longam
525 1234 721 1263 annorum
749 1221 889 1263 seriem
919 1222 1158 1276 gravissime.
1176 1220 1226 1260 ab
1253 1219 1349 1260 hos-

236 1294 344 1333 tibus
373 1294 536 1342 vexafi,
570 1292 679 1333 sensu
707 1293 974 1346 perverfitatis
1008 1289 1235 1344 compulfi,
1279 1282 1349 1329 Sa-

235 1361 357 1403 mueli
386 1361 497 1401 suum
526 1361 709 1401 dolorem
736 1362 1005 1415 fignificarunt
1030 1371 1204 1412 eumque
1227 1359 1346 1399 enixe

238 1431 457 1486 'rogarunt‚
501 1441 546 1470 ut
597 1429 704 1483 apud
743 1429 939 1483 Jehovam
976 1444 1052 1484 pro
1099 1429 1137 1470 se
1177 1430 1349 1470 interce-

238 1501 332 1541 dere
369 1486 492 1539 vellct
523 1496 620 1551 (a).
693 1499 830 1553 Atque
872 1501 921 1540 ab
962 1487 1016 1541 eo>
1048 1500 1139 1541 inde
1167 1508 1351 1551 tempore

238 1572 288 1611 nd
330 1569 591 1610 Salomonem
630 1582 757 1623 usque
798 1569 977 1624 Jehovae
1017 1570 1242 1612 constanter
1282 1566 1348 1610 ad-

237 1641 458 1683 haeserunt.

742 1733 849 1786 gv.

242 1860 479 1917 Progressio
533 1860 828 1903 Hebraeorum
876 1862 921 1903 in
973 1861 1089 1903 cultu
1130 1853 1348 1913 ztniversb,

298 1931 531 1981 Samuelis,
562 1930 751 1974 Davidis
767 1942 807 1972 et
824 1931 1058 1972 Salomonis
1085 1936 1290 1984 tempore,

351 2003 555 2055 provexit
581 2003 711 2044 etiam
740 2001 960 2057 religionis
986 2001 1213 2042 rationem.

299 2129 495 2175 Samuelis
539 2141 720 2184 tempore
765 2129 943 2172 Hebraei
977 2127 1026 2170 ad
1055 2127 1246 2182 majorem
1275 2126 1349 2168 hu-

1267 2208 1349 2237 ma-

289 2264 352 2310 (a)
380 2275 393 2300 1
421 2265 504 2300 Sam.
527 2265 603 2300 VII:
627 2275 682 2309 29.
