1519 2729
613 139 836 198 (61)

178 283 377 323 inanitatis
403 280 555 322 cultum
585 281 784 336 progressi
813 291 950 329 erant,
998 281 1289 338 ingeniumque

178 352 290 393 suum
328 353 453 405 magis
497 353 705 406 magisque
747 350 1041 403 explicuerant.
1130 354 1289 395 Arden-

177 420 335 461 tisfimis
376 422 481 460 enlm
522 423 629 461 votis
669 433 807 475 regem
848 421 920 461 fibi
956 423 1121 475 praefici
1150 426 1291 477 cupie-

174 502 266 531 runt
293 488 389 542 (a).
462 489 538 531 Est
576 503 709 531 autem
749 490 852 530 illud
890 489 1083 534 indicium
1124 494 1289 545 cultuS,

158 555 336 613 'quando
376 561 591 601 humanum
636 573 787 616 genus,
825 573 898 614 per
923 561 1095 603 familias
1134 564 1289 617 disper-

174 630 259 671 sum
276 661 288 680 ‚
321 643 577 671 communem
604 631 676 672 fibi
702 632 857 684 quaerit
885 632 1028 673 ducem
1045 664 1059 683 ,
1099 645 1139 674 et
1166 637 1289 675 ratio-

173 714 223 741 ne
275 702 451 742 tribuum
507 702 702 756 juugitur.
790 700 931 755 Major
970 714 1071 743 vero
1112 707 1289 757 cernitur

174 770 337 821 culum,
369 772 395 812 fi
425 770 598 826 singulae
630 771 757 811 tribus
787 773 869 812 vim
897 772 1003 813 suam
1033 785 1073 814 et
1100 775 1285 829 vigorem

173 843 228 881 ita
269 841 481 889 exserunt,
526 853 569 880 ut
605 853 861 882 communem
904 855 989 883 rem
1026 843 1202 895 faciant,
1249 857 1290 886 et

172 912 214 950 in
244 911 360 950 unius
380 909 525 962 populi
553 923 704 963 corpus
734 912 978 953 coalescant.
1043 913 1160 969 Quae
1189 928 1289 970 ergo

125 985 131 987 ⁴
172 993 264 1021 cum
293 979 414 1020 fuerit
452 979 723 1020 Israelitarum
755 984 983 1036 progressio
1013 985 1054 1024 in
1082 985 1201 1026 rebus
1231 987 1290 1027 ci-

170 1040 342 1099 vilibus,
389 1062 564 1103 cumque
604 1050 653 1091 ad
682 1051 875 1105 majorem
904 1055 1161 1105 pervenirent
1202 1069 1289 1097 mu-

173 1128 281 1161 tuam
319 1119 682 1174 conjunctionem,
728 1120 1142 1177 excellentioremque
1169 1128 1288 1166 attin-

169 1202 311 1245 gerent
341 1190 598 1230 humanitatis
629 1190 823 1244 gradum,
870 1203 958 1231 tuto
987 1193 1079 1233 inde
1114 1196 1288 1251 collige-

170 1274 212 1301 re
239 1261 362 1309 licet‚
395 1272 495 1309 eos,
540 1260 678 1302 indole
706 1261 831 1314 magis
860 1261 1083 1314 explicita,
1129 1265 1178 1306 ad
1219 1278 1289 1308 ex-

169 1331 358 1372 celsiores
386 1333 506 1371 etiam
534 1330 583 1370 de
610 1329 810 1384 religione
852 1333 1042 1372 notiones
1086 1337 1288 1388 recipien-

169 1402 237 1443 das
265 1400 387 1442 fuisse
413 1411 544 1453 aptos.
608 1398 728 1440 Unde
756 1400 1026 1455 intelligitur,
1074 1417 1197 1457 quare
1236 1407 1287 1448 ad

167 1472 376 1525 puriorem
403 1471 444 1510 in
474 1480 565 1509 toto
590 1469 750 1522 populo
795 1470 1116 1514 constituendum
1160 1474 1286 1529 Jeho-

167 1555 240 1583 vae
278 1540 433 1582 cultum
477 1550 624 1580 tantam
667 1534 750 1579 vim
787 1540 933 1581 habere
974 1545 1155 1595 potuerit
1193 1560 1286 1589 cum

169 1612 253 1666 ipse
313 1609 502 1660 Samuel,
549 1620 633 1650 tum
672 1608 853 1652 Davides
896 1613 1016 1653 etiam
1053 1624 1174 1667 atque
1216 1615 1287 1656 Sa-

168 1681 297 1723 lomo.

225 1751 293 1794 Ne
346 1765 443 1792 vero
488 1751 578 1803 quis
625 1751 857 1803 existimet,
903 1754 1134 1822 intgpducta
1176 1757 1287 1811 regia

171 1822 365 1877 dignitate
403 1821 557 1863 cultum
595 1821 776 1862 divinum
817 1835 937 1877 grave
976 1818 1182 1878 accepisse
1217 1826 1286 1866 de-

171 1893 417 1934 trimentum.
485 1890 723 1932 Habebatur
752 1893 915 1945 quidem
946 1905 1061 1934 antea
1100 1894 1185 1948 ipse
1217 1895 1285 1949 Je-

171 1962 277 2003 hova
333 1959 600 2001 Isra'e'litarum
653 1974 752 2011 rex,
800 1963 914 2017 cujus
954 1964 1056 2004 adeo
1101 1965 1287 2019 maJ'estas

170 2031 273 2074 laesa
298 2031 382 2072 esse
407 2030 534 2071 videri
564 2042 753 2084 poterat,
795 2033 959 2088 regibus
989 2032 1145 2075 electiS.
1206 2034 1283 2076 Ast

946 2111 948 2114 ’
1173 2115 1284 2145 erant

217 2177 280 2235 (ι)
308 2190 320 2215 1
350 2179 432 2214 Sam.
457 2180 553 2215 VIII:
576 2189 623 2225 5,
651 2190 716 2224 19,
738 2192 794 2218 20.
