1519 2729
670 114 892 174 (92)

221 260 419 314 origin-em
446 251 611 299 ulterIus
637 256 972 311 promoventibus
988 287 1000 306 ‚
1045 258 1085 298 in
1112 255 1238 301 altero
1266 251 1339 298 vo-

221 329 342 369 mitus
381 330 518 382 ingens
559 335 747 367 contenta
783 325 979 380 expellit,
1025 325 1217 379 fimulque
1247 337 1339 366 cum

221 397 283 438 his
325 410 479 437 vermes
519 396 623 437 haud
665 409 753 436 raro
783 396 1065 449 expelluntur,
1111 397 1179 449 qui
1219 397 1340 435 inter-

220 466 313 508 dum
341 469 378 506 in
407 467 760 520 choanasunarium
794 467 965 514 intrant,
1010 478 1128 518 atquc
1159 465 1214 505 ibi
1254 477 1342 504 mo·

183 534 185 539 ’
219 536 319 578 leste
348 537 532 576 homines
561 535 763 584 afficiunt,
808 536 1118 589 producuntque
1159 535 1340 574 haemor-

185 627 187 629 ·
221 607 377 661 rhagias
403 607 555 647 narium
580 605 735 657 aliaque
771 602 865 658 (1).

687 744 710 797 ς
743 742 877 785 Lxu.

278 883 404 925 Aliud
431 884 610 925 occurrit
638 883 876 935 symptoma.
908 882 1075 923 Vermes
1097 881 1202 920 enim
1217 909 1230 929 ,
1248 891 1285 920 v.
1304 892 1342 920 c.

221 952 451 1010 Ascarides
494 951 815 1002 lmnbricoides,
853 954 892 992 in
921 950 1119 992 intestinis
1156 948 1343 989 tenuibus
1388 942 1396 949 ⁸

219 1024 353 1065 faeces
370 1024 603 1076 deponunt,
636 1022 709 1062 hae
737 1022 817 1063 sese
847 1023 1016 1062 miscent
1043 1031 1134 1061 cum
1164 1018 1341 1071 chymo‚

218 1107 391 1147 eumque
405 1091 706 1145 putrefaciunt3
738 1092 854 1141 hinc,
884 1101 1038 1144 praeter
1050 1089 1240 1130 recenfita
1260 1101 1342 1128 ma-

221 1163 283 1212 la,
312 1164 530 1204 asordibus
560 1162 748 1212 oriunda,
780 1163 976 1217 imprimis
992 1159 1200 1201 diarrhoea
1215 1157 1342 1210 etdy-

219 1233 385 1274 semeria
414 1233 690 1285 producuntur
718 1230 812 1286 (2).
873 1231 1024 1272 Eadem
1052 1241 1215 1283 quoque
1239 1225 1343 1267 mala

219 1302 359 1343 sistunt
388 1302 576 1343 cadavera
603 1302 797 1341 vermium
830 1303 877 1341 vin
918 1301 1114 1340 intestinis
1154 1311 1227 1351 per
1266 1295 1342 1338 ali-

219 1371 332 1425 quod
361 1382 517 1424 tempus
548 1371 777 1419 haerentia,
808 1370 1001 1413 facillime
1033 1371 1138 1408 enim
1183 1378 1342 1421 putres-

218 1453 347 1489 cunt,
377 1453 417 1481 et
443 1452 611 1494 propter
638 1442 825 1492 corporis
857 1440 1020 1481 illorum
1062 1439 1266 1479 laxitatem
1302 1445 1343 1476 et

217 1522 388 1566 propter
413 1510 578 1560 locum,
610 1512 650 1550 in
680 1523 762 1563 quo
791 1509 987 1550 habitant.

262 1637 327 1684 (1)
351 1638 426 1674 Vid.
450 1639 728 1673 commentationes
754 1637 917 1670 societatis
943 1633 1167 1680 Harlemenfis,
1190 1633 1286 1668 Tom.
1302 1631 1345 1666 X.

220 1696 324 1730 Partis
350 1707 383 1730 2.
405 1706 478 1740 pag.
505 1697 585 1739 466.
758 1734 760 1736 v

263 1750 327 1796 (2)
353 1753 464 1797 Qualis
494 1751 677 1795 dysenteria
706 1760 788 1784 anno
822 1759 904 1794 1790
927 1750 959 1783 in
996 1758 1080 1791 pago
1108 1746 1150 1780 de
1174 1746 1266 1779 Bildt
1295 1745 1345 1778 lo-

217 1818 293 1844 cum
321 1799 465 1842 habuisse
491 1818 508 1840 a
534 1809 700 1842 vermibus
731 1807 900 1850 originaria
938 1807 1074 1838 relatum
1111 1802 1232 1836 audivi.
1292 1801 1345 1834 Sic

218 1875 354 1909 quoque
383 1865 631 1910 Trichocfflzalus
652 1866 758 1909 dispar
784 1864 890 1907 primo
918 1861 1073 1896 detectus
1100 1867 1150 1892 est
1178 1860 1209 1891 in
1232 1859 1345 1892 castris

219 1921 412 1955 militaribus
426 1946 439 1962 ,
460 1922 517 1955 ubi
543 1922 638 1955 etiam
661 1923 691 1954 in
706 1920 910 1967 dysenteriae
927 1917 1039 1960 specie
1067 1926 1184 1959 magno
1206 1924 1357 1949 numero=

218 1979 459 2020 evacuabatur,
482 1988 576 2022 quam
599 1980 740 2013 morbum
763 1975 918 2020 mucosum
943 1982 1154 2009 vocaverunt.

1136 2194 1162 2249 ς)
1194 2189 1345 2234 Lx111.
