1519 2729
587 144 642 199 (1.
674 158 728 199 93
786 139 812 195 )

591 282 628 335 §.x
647 279 801 322 LXIII.

205 429 313 471 Inter
335 424 558 482 gravissima
578 421 680 462 mala
708 421 882 472 pertinet
908 415 976 464 id,
1007 409 1121 467 quod
1137 405 1270 462 Asta·

149 501 212 541 ris
241 494 532 539 lumbricoides
562 491 632 533 fibi
661 491 818 543 privum
846 487 980 528 habet.
1055 481 1098 522 Si
1127 487 1272 529 nempe

150 571 192 610 in
218 580 301 608 uno
326 565 424 607 loco
452 563 587 617 plures
616 572 687 613 per
715 556 880 611 aliquod
909 564 1066 606 tempus
1095 548 1273 592 suerint,

152 640 255 680 hanc
306 646 461 690 partem
502 633 684 677 irritant,
731 626 823 666 dein
861 636 958 664 vero
1001 620 1207 664 relaxant3
1248 614 1276 654 fi

141 707 316 750 *forfitan
344 718 451 746 nuuc
479 716 501 743 e
531 702 628 742 loco
660 699 791 738 hocce
821 692 1079 748 egrediuntur
1115 698 1157 726 et
1198 682 1278 724 sese

155 778 418 831 dispergunt,
465 762 660 812 inter'dum
698 769 738 807 in
781 764 903 805 causlS
945 760 1032 800 sunt
1063 753 1280 812 gravissimi

155 847 320 895 morbi,
353 845 426 886 ilei
456 843 581 890 dicti,
613 840 639 880 fi
667 834 824 877 accedit
853 828 1081 872 contractio
1106 824 1281 878 partium

156 918 396 963 vicinarum,
466 911 583 951 Tunc
613 909 836 957 enimpars
876 898 1052 940 intestini
1096 905 1282 937 contrac-

149 998 199 1028 ta
240 987 282 1025 in
325 982 563 1035 ampliorem
605 989 671 1019 aut
710 972 893 1015 deorsum
923 981 990 1010 aut
1010 965 1166 1008 sursum
1223 963 1283 1002 in·

162 1069 238 1098 trat
265 1054 329 1094 vel
359 1054 478 1093 etiam
509 1062 598 1104 pars
629 1045 838 1092 intestini,
874 1039 940 1081 vel
971 1049 1100 1078 totum
1130 1034 1285 1075 intesti-

162 1140 258 1168 num
296 1123 542 1169 involvitur,
588 1117 694 1159 unde
735 1109 908 1154 diversae
945 1104 1176 1148 intenfitatis
1203 1102 1286 1142 esse

163 1197 294 1244 solet,
325 1194 561 1248 plerumque
589 1198 720 1230 tamen
750 1182 932 1237 pertinax
959 1174 1135 1223 malum,
1174 1169 1289 1227 quod

166 1279 210 1310 ut
236 1265 455 1322 plurimum
481 1262 522 1301 in
550 1269 721 1300 mortem
747 1253 886 1295 definit
913 1245 1008 1303 (1).
1065 1236 1077 1245 ⁵

620 1386 644 1439 §
677 1381 828 1426 LXIV.
888 1384 893 1391 κ

227 1519 410 1562 Pristinis
451 1512 704 1568 temporibus
746 1505 901 1547 nullum
944 1502 1109 1544 dubium
1141 1499 1298 1551 supere-

173 1601 260 1638 rat,
291 1590 387 1642 quin
416 1597 570 1626 vermes
611 1583 650 1621 in
692 1578 890 1620 intestinis
929 1574 1179 1616 habitantes,
1223 1568 1299 1606 im-

176 1660 317 1716 primis
350 1668 483 1698 autem
507 1650 686 1708 Ascuris
715 1642 1006 1689 lumbri-comes
1046 1651 1086 1680 et
1113 1636 1301 1678 Taeniae

177 1729 247 1771 illa
273 1727 524 1783 perforarent
553 1720 647 1774 (ε).
707 1716 842 1759 Hodie
871 1724 1004 1754 autem
1033 1721 1125 1751 cum
1152 1708 1301 1747 anima-

1218 1775 1270 1816 lia
1286 1804 1300 1823 ‚

226 1897 289 1945 (ι)
313 1897 388 1932 Hoc
413 1896 498 1929 inter
527 1892 604 1925 alios
628 1888 813 1924 observavit
837 1887 937 1921 Doct.
962 1883 1005 1917 H.
1033 1882 1063 1927 J.
1086 1887 1172 1912 van
1197 1877 1303 1910 Beu-

181 1958 202 1993 s
211 1967 228 1991 e
246 1958 267 1989 k
281 1965 302 1989 o
316 1965 347 1988 m
362 1979 374 1993 ‚
398 1961 432 1985 et
454 1948 634 1995 publicavit
659 1948 690 1980 iu
713 1944 959 1979 dissertatione:
981 1940 1018 1973 de
1041 1937 1126 1976 Iler),
1150 1932 1238 1974 Traj.
1265 1929 1305 1964 ad.

184 2015 251 2050 Rh.
275 2013 369 2047 1822.
389 2018 462 2052 pag.
489 2018 540 2050 14.

229 2067 292 2113 (2)
317 2068 362 2101 Ut
389 2074 487 2098 unum
514 2063 695 2096 alterumve
720 2057 909 2099 exemplum
921 2052 1050 2086 afferam
1066 2075 1076 2090 ,
1099 2049 1190 2082 conf.
1214 2046 1305 2079 San-

186 2126 228 2162 di
245 2127 292 2159 so
307 2134 322 2156 r
338 2132 349 2157 t
364 2148 375 2163 ,
399 2119 526 2164 Obsem’.
547 2119 629 2153 Ant.
653 2117 749 2150 Tom.
775 2116 832 2149 Ν.
855 2121 926 2155 pag.
956 2119 1010 2152 53.
1047 2107 1067 2140 S
1082 2107 1139 2140 wi
1155 2115 1172 2138 e
1189 2112 1265 2136 ten
1281 2101 1307 2133 i-

187 2193 210 2220 u
227 2185 265 2225 ε’,
288 2179 586 2218 Commemmim-mn
614 2175 710 2210 Tom.
737 2172 794 2209 lv.
821 2170 841 2216 §
869 2166 964 2211 1366.
986 2165 1010 2200 F
1022 2164 1032 2198 i
1046 2162 1064 2196 s
1071 2172 1090 2196 c
1105 2161 1125 2195 h
1142 2170 1160 2194 e
1177 2170 1192 2194 r
1207 2184 1219 2201 ,
1250 2157 1308 2190 lib.

1286 2213 1310 2246 1.
