1519 2729
563 187 787 244 (15)

105 342 201 372 nem
230 327 384 382 aliquid
410 326 550 367 locum
576 325 757 366 obtineat
773 354 788 372 ,
817 311 982 373 monet3
1019 322 1088 364 sed
1114 335 1154 365 et
1184 325 1232 366 il-

105 399 184 445 lius
221 397 383 440 modum
419 396 710 448 rationemque
747 393 928 444 indicam,
968 406 1138 446 eamque
1175 394 1230 434 ob

103 469 290 518 causam,
329 480 380 509 ex
407 467 452 507 efi
488 466 707 519 specimina
734 464 784 505 ad
811 463 990 506 nostrum
1017 463 1230 506 confilium

102 538 411 582 accommodata
439 535 737 577 exhibebimus.
767 531 849 589 (1)

618 673 643 727 ς
673 670 728 715 11.

172 816 244 861 De
270 812 448 872 cbnfiliis
481 815 528 857 in
556 826 687 870 regno
715 814 946 870 vegetabili
971 822 1161 856 naturae

545 882 790 940 conspicuis.

157 1026 215 1069 Et
255 1029 334 1069 iam
375 1027 581 1080 primum,
624 1024 676 1066 ad
713 1022 885 1064 Cereris
913 1035 954 1063 et
978 1021 1136 1064 Florae
1165 1035 1228 1062 re-

97 1109 254 1153 gnum,
295 1110 371 1138 nos
405 1106 716 1143 convertamuS,
759 1094 830 1135 ubi
860 1093 1058 1135 Sicelides
1085 1093 1229 1134 Musae
1258 1126 1259 1132 ,

97 1167 265 1217 adsunt,
296 1178 337 1207 et
362 1166 493 1208 Fauni
513 1166 672 1207 robusti
697 1164 927 1206 versantur!
959 1163 1024 1204 lbi
1047 1162 1096 1204 de
1125 1161 1232 1203 laeta

96 1237 232 1294 segete
256 1237 465 1286 dicamus,
495 1235 606 1276 et'de
633 1235 801 1276 floribus
825 1233 1039 1288 pulchris,
1079 1232 1145 1274 vei
1173 1232 1224 1273 de

94 1306 220 1361 sylvis
260 1307 416 1355 densis,
458 1317 500 1347 et
536 1305 585 1347 de
621 1305 756 1345 herbis
796 1303 989 1344 saniferis.
1020 1324 1065 1334 -
1095 1302 1223 1344 Omni

95 1376 181 1420 fere
205 1388 308 1418 terra
323 1376 495 1418 Cereris
510 1386 550 1416 et
564 1373 722 1417 Florae
738 1373 933 1427 templum
960 1373 1195 1414 continetur
1207 1403 1222 1422 ‚

95 1447 230 1488 ubivis
255 1447 364 1487 enim
391 1444 531 1487 adsunt
551 1445 717 1486 arbores
743 1456 785 1485 et
813 1443 988 1485 humiles
1016 1444 1193 1495 myricae
1209 1473 1223 1493 ‚

95 1516 245 1558 herbae
271 1527 313 1557 et
338 1515 472 1557 flores.
499 1535 546 1545 —
575 1514 712 1556 Verno
735 1526 920 1569 tempore
957 1514 1092 1568 specie
1117 1512 1222 1555 laet&

95 1587 337 1628 reviviscere
361 1586 548 1627 videntur
580 1598 748 1638 campus
775 1596 816 1625 et
843 1597 1004 1626 arvum:
1046 1584 1096 1625 iis
1124 1595 1227 1625 tam-

96 1667 215 1708 quam
241 1655 478 1697 vestimento
503 1655 954 1709 pulcherrimoindutae
969 1654 1223 1696 suntherbae

94 1734 137 1763 et
152 1723 284 1765 flores.
316 1723 476 1778 Quanta
491 1724 711 1766 multitudo
739 1736 780 1766 et
807 1724 1008 1766 diversitas
1038 1724 1220 1769 infinita}

93 1804 134 1834 at
150 1804 280 1834 tamen
294 1807 432 1835 omnes
444 1808 521 1837 una
533 1795 605 1837 alit
621 1807 722 1836 terra
736 1825 750 1844 ‚
778 1807 828 1835 ex
844 1807 924 1848 qua
937 1795 1110 1836 mirabili
1125 1796 1221 1835 arti-

93 1862 192 1904 ficio
223 1876 362 1904 omnes
390 1864 624 1907 alimentum
642 1865 802 1906 trahunt
830 1864 901 1907 fibi
930 1875 1222 1917 opportunum.

90 1931 312 1989 Postquam
339 1946 438 1974 vero
478 1934 614 1990 fruges
653 1946 695 1976 et
724 1934 872 1975 semina
910 1932 1217 1987 produxerunt,

1181 2019 1223 2048 et

133 2100 199 2148 (1)
237 2103 351 2138 Paucis
387 2103 559 2140 discrimen
600 2105 687 2139 inter
709 2112 883 2149 utramque
905 2116 1048 2142 naturam
1076 2107 1220 2142 indican-

87 2158 167 2194 dum
195 2159 390 2201 videbatur,
413 2171 451 2194 ut
479 2163 521 2195 ita
539 2162 621 2195 hanc
643 2162 821 2196 sectionem
836 2187 864 2204 ,y
883 2163 939 2198 sed
959 2165 1114 2208 imprimis
1139 2166 1217 2200 Pat-

26 2213 31 2223 ‘
54 2220 56 2222 “
89 2217 131 2251 tis
152 2216 203 2252 111
223 2216 333 2252 locum
347 2242 360 2259 ‚
382 2219 499 2253 melius
528 2218 695 2263 explicare
707 2216 889 2264 possemus.
