1519 2729
735 185 957 242 (30)

299 322 457 367 Officiis
485 323 682 366 Perfectis
701 335 742 364 et
770 324 1023 379 Imperfectis
1040 324 1273 377 opinionem
1292 354 1304 374 ,
1336 338 1414 378 qua

299 393 454 435 scilicet
493 393 574 435 illis
617 394 855 436 adscribitur
889 396 961 450 Jus
1008 396 1262 443 corretionis,
1304 395 1416 435 hisce

296 476 396 505 vcro
423 476 616 518 negatur,
648 464 725 517 qud
753 464 821 506 ilia
849 467 898 506 ad
921 465 1286 520 jurisprudentimn
1329 464 1414 505 Na-

298 533 464 590 turaiem
503 535 758 583 referuntur,
803 536 900 578 haec
930 548 1026 577 vero
1053 535 1103 575 ad
1132 533 1345 576 Ethicam.·
1371 549 1418 562 ’-

295 601 416 644 Licet
443 605 548 644 enim
575 604 646 657 ipfi
677 603 753 643 alia
779 605 949 657 quadam
977 606 1131 646 ratione
1171 606 1276 647 lianc
1315 605 1416 644 divi-

288 674 445 715 fionem
474 673 553 714 sese
581 674 727 714 habere
756 675 997 726 opinemur,
1028 673 1131 714 illud
1160 685 1290 714 tamen
1305 672 1418 727 quod

291 742 373 796 jam
401 743 676 797 aggredimur,
705 745 746 784 in
774 741 1176 796 quaestioneaNob.
1206 742 1417 785 Facultate

293 814 501 866 propofita
525 814 757 866 requisitum
785 814 896 863 esse,
925 812 989 854 vel
1013 814 1103 853 inde
1132 813 1230 854 mihi
1257 813 1387 866 patuit
1404 842 1416 860 ,

296 882 408 935 quod
436 883 476 922 in
511 883 631 938 ipsius
659 884 906 936 quaestionis
947 893 1059 936 parte
1101 882 1224 923 altera
1264 881 1418 922 mentio

293 951 718 1006 fiatJurisprudentiae
746 953 935 994 naturalis
952 985 965 1003 ‚
994 965 1033 994 et
1061 954 1101 992 in
1131 952 1252 995 altera
1280 953 1417 1004 exiga—

295 1032 362 1062 tur
389 1022 589 1075 expofitio
620 1035 833 1072 notarum,
879 1023 1026 1076 quibus
1071 1021 1202 1063 officia
1236 1020 1419 1074 perfecta
1456 1020 1459 1021 ⁷

293 1092 345 1132 ab
387 1093 636 1145 imperfectis
680 1093 926 1147 distinguere
982 1091 1204 1137 laborarint
1257 1091 1417 1131 eruditi.

293 1160 403 1202 Cum
431 1164 554 1217 igitur
579 1163 812 1204 historicam
842 1163 1120 1203 tractationem
1137 1163 1312 1213 requirat
1327 1160 1418 1200 No-

294 1231 421 1272 biliss.
451 1231 668 1283 Facultas,
698 1235 738 1273 in
766 1233 847 1273 hoc
872 1233 1020 1285 Capite
1051 1233 1227 1276 secundo
1257 1232 1417 1273 initium

289 1303 370 1344 ¹erit
415 1301 643 1344 faciendum
694 1317 716 1343 a
754 1303 895 1357 primis
935 1304 1216 1356 teinporibriS,
1268 1301 1418 1354 quibus

291 1371 577 1425 philosophiae
619 1372 748 1414 studio
803 1371 883 1412 sese
916 1373 1068 1414 tradere
1115 1372 1285 1427 aggressi
1328 1371 1418 1412 sunt

292 1440 507 1490 homines,
539 1441 935 1494 explorandunique,
979 1455 1076 1484 num
1103 1441 1162 1482 illi
1181 1473 1193 1491 ,
1225 1443 1294 1494 qui
1322 1441 1415 1493 phi-

290 1510 520 1564 losophiam
546 1509 740 1552 moralem
771 1512 947 1563 primu-m
978 1522 1146 1551 tractare
1186 1509 1274 1550 sunt
1307 1512 1413 1558 anfi,

289 1579 420 1630 illud,
452 1580 563 1633 quod
591 1581 795 1633 petimus,
827 1580 1043 1622 discrimen
1085 1581 1338 1635 agnoverint.
1370 1598 1414 1626 ·-,

289 1648 401 1690 Dein
430 1660 562 1690 autem
601 1650 677 1691 eric
705 1649 949 1699 videndum,
989 1650 1087 1703 quid
1109 1652 1228 1692 etiam
1255 1650 1294 1690 in
1331 1650 1417 1691 hoc‘

288 1720 527 1761 eruditionis
570 1731 717 1773 genere
757 1718 938 1761 effecerit
975 1720 1235 1761 celeberrima
1274 1719 1343 1760 illa
1373 1721 1413 1760 in

288 1792 470 1832 oninium
509 1791 652 1829 animis
692 1790 900 1845 cogitandi
941 1789 1270 1844 procedendique
1315 1802 1422 1831 con-⁴

286 1860 444 1909 versio,
487 1872 590 1912 quae
630 1871 724 1912 post
765 1861 940 1902 medium
975 1860 1058 1902 sere
1100 1860 1299 1901 saeculum
1342 1871 1446 1900 ,wt-

286 1931 470 1979 onmium
500 1930 667 1969 omnino
697 1942 830 1970 rerum
860 1930 1004 1971 faciem
1034 1941 1416 1983 tantopere-muta-

288 2002 360 2042 vit.
393 2029 437 2038 -
465 1998 596 2040 Porro
621 2000 696 2039 erit
720 1999 1032 2050 attendendum,
1057 2000 1268 2053 quomodo
1285 2000 1416 2043 haece

289 2082 420 2112 rerum
459 2069 657 2113 felicitate
695 2070 750 2110 usi
779 2070 853 2110 fint
893 2069 990 2119 aiii,
1036 2083 1115 2123 qua
1152 2071 1304 2110 ratione
1342 2070 1410 2118 id,

291 2140 405 2194 quod
431 2139 740 2185 emendaverant
765 2140 951 2194 quidem,
980 2139 1047 2181 sed
1066 2151 1148 2182 uon
1162 2139 1324 2195 prorsus
1340 2141 1410 2180 ab·

1330 2209 1408 2252 sol-
