<?xml version="1.0" encoding="UTF-8"?>
<!DOCTYPE html PUBLIC "-//W3C//DTD XHTML 1.0 Transitional//EN"
    "http://www.w3.org/TR/xhtml1/DTD/xhtml1-transitional.dtd">
<html xmlns="http://www.w3.org/1999/xhtml" xml:lang="en" lang="en">
 <head>
  <title>
</title>
<meta http-equiv="Content-Type" content="text/html;charset=utf-8" />
  <meta name='ocr-system' content='tesseract 3.04.00' />
  <meta name='ocr-capabilities' content='ocr_page ocr_carea ocr_par ocr_line ocrx_word'/>
</head>
<body>
  <div class='ocr_page' id='page_1' title='image "annalesacademiae22acad_0943.png"; bbox 0 0 1519 2729; ppageno 0'>
   <div class='ocr_carea' id='block_1_1' title="bbox 589 123 819 180">
    <p class='ocr_par' dir='ltr' id='par_1_1' title="bbox 589 123 819 180">
     <span class='ocr_line' id='line_1_1' title="bbox 589 123 819 180; baseline -0.009 0"><span class='ocrx_word' id='word_1_1' title='bbox 589 123 819 180; x_wconf 81' lang='lat'><strong>(23)</strong></span> 
     </span>
    </p>
   </div>
   <div class='ocr_carea' id='block_1_2' title="bbox 105 260 1268 1787">
    <p class='ocr_par' dir='ltr' id='par_1_2' title="bbox 123 260 1268 949">
     <span class='ocr_line' id='line_1_2' title="bbox 134 260 1268 316; baseline 0.004 -14"><span class='ocrx_word' id='word_1_2' title='bbox 134 260 319 316; x_wconf 85' lang='lat' dir='ltr'>plurimis</span> <span class='ocrx_word' id='word_1_3' title='bbox 347 263 547 316; x_wconf 84' lang='lat' dir='ltr'>variisque</span> <span class='ocrx_word' id='word_1_4' title='bbox 578 260 676 303; x_wconf 92' lang='lat' dir='ltr'>loco</span> <span class='ocrx_word' id='word_1_5' title='bbox 704 262 921 305; x_wconf 88' lang='lat' dir='ltr'>consumto</span> <span class='ocrx_word' id='word_1_6' title='bbox 962 262 1003 304; x_wconf 91' lang='lat' dir='ltr'>se</span> <span class='ocrx_word' id='word_1_7' title='bbox 1039 263 1268 306; x_wconf 86' lang='lat' dir='ltr'>exhibenti-</span> 
     </span>
     <span class='ocr_line' id='line_1_3' title="bbox 134 331 1266 386; baseline 0.004 -14"><span class='ocrx_word' id='word_1_8' title='bbox 134 331 210 372; x_wconf 87' lang='lat' dir='ltr'>bus</span> <span class='ocrx_word' id='word_1_9' title='bbox 252 331 429 385; x_wconf 82' lang='lat' dir='ltr'>repleri‚</span> <span class='ocrx_word' id='word_1_10' title='bbox 472 331 794 384; x_wconf 88' lang='lat' dir='ltr'>frequentisfime</span> <span class='ocrx_word' id='word_1_11' title='bbox 837 333 940 375; x_wconf 86' lang='lat' dir='ltr'>adeo</span> <span class='ocrx_word' id='word_1_12' title='bbox 983 332 1266 386; x_wconf 83' lang='lat' dir='ltr'>Anatomicis‚</span> 
     </span>
     <span class='ocr_line' id='line_1_4' title="bbox 132 400 1266 456; baseline 0.003 -14"><span class='ocrx_word' id='word_1_13' title='bbox 132 413 177 442; x_wconf 91' lang='lat' dir='ltr'>ut</span> <span class='ocrx_word' id='word_1_14' title='bbox 203 402 272 442; x_wconf 84' lang='lat' dir='ltr'>vix</span> <span class='ocrx_word' id='word_1_15' title='bbox 300 402 565 442; x_wconf 84' lang='lat' dir='ltr'>attentionem</span> <span class='ocrx_word' id='word_1_16' title='bbox 587 400 762 456; x_wconf 86' lang='lat' dir='ltr'>aliquam</span> <span class='ocrx_word' id='word_1_17' title='bbox 784 405 927 445; x_wconf 90' lang='lat' dir='ltr'>mereri</span> <span class='ocrx_word' id='word_1_18' title='bbox 953 402 1149 445; x_wconf 87' lang='lat' dir='ltr'>videatur.</span> <span class='ocrx_word' id='word_1_19' title='bbox 1209 404 1266 446; x_wconf 90' lang='lat' dir='ltr'>At</span> 
     </span>
     <span class='ocr_line' id='line_1_5' title="bbox 130 471 1268 528; baseline 0.004 -16"><span class='ocrx_word' id='word_1_20' title='bbox 130 472 171 512; x_wconf 89' lang='lat' dir='ltr'>in</span> <span class='ocrx_word' id='word_1_21' title='bbox 199 471 363 513; x_wconf 90' lang='lat' dir='ltr'>homine</span> <span class='ocrx_word' id='word_1_22' title='bbox 394 471 487 512; x_wconf 85' lang='lat' dir='ltr'>talia</span> <span class='ocrx_word' id='word_1_23' title='bbox 514 472 676 512; x_wconf 90' lang='lat' dir='ltr'>evenire</span> <span class='ocrx_word' id='word_1_24' title='bbox 699 471 938 514; x_wconf 74' lang='lat' dir='ltr'>rarissimum</span> <span class='ocrx_word' id='word_1_25' title='bbox 956 503 970 524; x_wconf 91' lang='lat'><strong>,</strong></span> <span class='ocrx_word' id='word_1_26' title='bbox 1014 472 1113 516; x_wconf 86' lang='lat' dir='ltr'>licet</span> <span class='ocrx_word' id='word_1_27' title='bbox 1138 473 1268 528; x_wconf 90' lang='lat' dir='ltr'>pluri-</span> 
     </span>
     <span class='ocr_line' id='line_1_6' title="bbox 129 541 1266 595; baseline 0.003 -12"><span class='ocrx_word' id='word_1_28' title='bbox 129 555 198 583; x_wconf 90' lang='lat' dir='ltr'>um</span> <span class='ocrx_word' id='word_1_29' title='bbox 227 543 459 584; x_wconf 89' lang='lat' dir='ltr'>dissectioni</span> <span class='ocrx_word' id='word_1_30' title='bbox 488 541 728 595; x_wconf 85' lang='lat' dir='ltr'>praefuerim</span> <span class='ocrx_word' id='word_1_31' title='bbox 758 542 1037 594; x_wconf 87' lang='lat' dir='ltr'>adfuerimve,</span> <span class='ocrx_word' id='word_1_32' title='bbox 1081 556 1166 585; x_wconf 88' lang='lat' dir='ltr'>non</span> <span class='ocrx_word' id='word_1_33' title='bbox 1192 545 1266 586; x_wconf 82' lang='lat' dir='ltr'>nifi</span> 
     </span>
     <span class='ocr_line' id='line_1_7' title="bbox 128 608 1266 668; baseline 0.002 -14"><span class='ocrx_word' id='word_1_34' title='bbox 128 615 248 655; x_wconf 85' lang='lat' dir='ltr'>unica</span> <span class='ocrx_word' id='word_1_35' title='bbox 274 625 429 654; x_wconf 87' lang='lat' dir='ltr'>tantum</span> <span class='ocrx_word' id='word_1_36' title='bbox 458 608 556 653; x_wconf 88' lang='lat' dir='ltr'>vice</span> <span class='ocrx_word' id='word_1_37' title='bbox 576 613 617 652; x_wconf 91' lang='lat' dir='ltr'>in</span> <span class='ocrx_word' id='word_1_38' title='bbox 645 613 844 654; x_wconf 82' lang='lat' dir='ltr'>emacIato</span> <span class='ocrx_word' id='word_1_39' title='bbox 871 613 963 655; x_wconf 91' lang='lat' dir='ltr'>fene</span> <span class='ocrx_word' id='word_1_40' title='bbox 991 616 1168 668; x_wconf 83' lang='lat' dir='ltr'>reperire</span> <span class='ocrx_word' id='word_1_41' title='bbox 1191 616 1266 656; x_wconf 90' lang='lat' dir='ltr'>mi-</span> 
     </span>
     <span class='ocr_line' id='line_1_8' title="bbox 129 682 1263 735; baseline 0.001 -10"><span class='ocrx_word' id='word_1_42' title='bbox 129 684 170 725; x_wconf 92' lang='lat' dir='ltr'>hi</span> <span class='ocrx_word' id='word_1_43' title='bbox 198 683 436 726; x_wconf 90' lang='lat' dir='ltr'>concessum</span> <span class='ocrx_word' id='word_1_44' title='bbox 453 715 466 735; x_wconf 78' lang='lat'>‚</span> <span class='ocrx_word' id='word_1_45' title='bbox 509 694 667 723; x_wconf 88' lang='lat' dir='ltr'>vermes</span> <span class='ocrx_word' id='word_1_46' title='bbox 692 682 796 723; x_wconf 87' lang='lat' dir='ltr'>duos</span> <span class='ocrx_word' id='word_1_47' title='bbox 827 682 945 724; x_wconf 84' lang='lat' dir='ltr'>ulnae</span> <span class='ocrx_word' id='word_1_48' title='bbox 972 684 1022 725; x_wconf 87' lang='lat' dir='ltr'>ad</span> <span class='ocrx_word' id='word_1_49' title='bbox 1051 686 1263 727; x_wconf 88' lang='lat' dir='ltr'>minimum</span> 
     </span>
     <span class='ocr_line' id='line_1_9' title="bbox 125 753 1261 809; baseline 0.002 -15"><span class='ocrx_word' id='word_1_50' title='bbox 125 753 424 809; x_wconf 83' lang='lat' dir='ltr'>longitudinem</span> <span class='ocrx_word' id='word_1_51' title='bbox 464 753 687 802; x_wconf 89' lang='lat' dir='ltr'>habentes,</span> <span class='ocrx_word' id='word_1_52' title='bbox 732 753 1033 796; x_wconf 86' lang='lat' dir='ltr'>rubicundioris</span> <span class='ocrx_word' id='word_1_53' title='bbox 1077 755 1261 806; x_wconf 84' lang='lat' dir='ltr'>coloris,</span> 
     </span>
     <span class='ocr_line' id='line_1_10' title="bbox 124 817 1262 879; baseline 0.001 -14"><span class='ocrx_word' id='word_1_54' title='bbox 124 824 279 879; x_wconf 70' lang='lat' dir='ltr'>aquoso</span> <span class='ocrx_word' id='word_1_55' title='bbox 320 817 480 876; x_wconf 60' lang='lat' dir='ltr'>liquore</span> <span class='ocrx_word' id='word_1_56' title='bbox 521 823 746 872; x_wconf 77' lang='lat' dir='ltr'>scatente5‚</span> <span class='ocrx_word' id='word_1_57' title='bbox 791 822 937 864; x_wconf 87' lang='lat' dir='ltr'>fimiles</span> <span class='ocrx_word' id='word_1_58' title='bbox 983 827 1153 867; x_wconf 88' lang='lat' dir='ltr'>omnino</span> <span class='ocrx_word' id='word_1_59' title='bbox 1183 827 1262 875; x_wconf 84' lang='lat' dir='ltr'>iis,</span> 
     </span>
     <span class='ocr_line' id='line_1_11' title="bbox 123 893 1016 949; baseline 0 -15"><span class='ocrx_word' id='word_1_60' title='bbox 123 906 229 949; x_wconf 92' lang='lat' dir='ltr'>quos</span> <span class='ocrx_word' id='word_1_61' title='bbox 257 895 297 934; x_wconf 88' lang='lat' dir='ltr'>in</span> <span class='ocrx_word' id='word_1_62' title='bbox 328 895 482 934; x_wconf 82' lang='lat' dir='ltr'>caninis</span> <span class='ocrx_word' id='word_1_63' title='bbox 504 893 669 933; x_wconf 85' lang='lat' dir='ltr'>renibus</span> <span class='ocrx_word' id='word_1_64' title='bbox 695 895 862 945; x_wconf 86' lang='lat' dir='ltr'>reperiri</span> <span class='ocrx_word' id='word_1_65' title='bbox 887 893 1016 934; x_wconf 82' lang='lat' dir='ltr'>dixi.”</span> 
     </span>
    </p>

    <p class='ocr_par' dir='ltr' id='par_1_3' title="bbox 105 962 1264 1367">
     <span class='ocr_line' id='line_1_12' title="bbox 105 962 1260 1019; baseline 0.002 -15"><span class='ocrx_word' id='word_1_66' title='bbox 105 1016 107 1018; x_wconf 73' lang='lat'>.</span> <span class='ocrx_word' id='word_1_67' title='bbox 182 963 252 1005; x_wconf 90' lang='lat' dir='ltr'>Ob</span> <span class='ocrx_word' id='word_1_68' title='bbox 280 964 446 1005; x_wconf 87' lang='lat' dir='ltr'>rubrum</span> <span class='ocrx_word' id='word_1_69' title='bbox 477 962 691 1017; x_wconf 89' lang='lat' dir='ltr'>colorem,</span> <span class='ocrx_word' id='word_1_70' title='bbox 735 964 805 1016; x_wconf 92' lang='lat' dir='ltr'>qui</span> <span class='ocrx_word' id='word_1_71' title='bbox 837 963 1062 1018; x_wconf 73' lang='lat' dir='ltr'>strongyla</span> <span class='ocrx_word' id='word_1_72' title='bbox 1102 965 1260 1019; x_wconf 72' lang='lat' dir='ltr'>gigan-</span> 
     </span>
     <span class='ocr_line' id='line_1_13' title="bbox 123 1034 1264 1086; baseline 0.001 -11"><span class='ocrx_word' id='word_1_73' title='bbox 123 1035 160 1076; x_wconf 81' lang='lat' dir='ltr'>ti</span> <span class='ocrx_word' id='word_1_74' title='bbox 202 1036 307 1075; x_wconf 88' lang='lat' dir='ltr'>inter</span> <span class='ocrx_word' id='word_1_75' title='bbox 348 1034 544 1075; x_wconf 84' lang='lat' dir='ltr'>humanos</span> <span class='ocrx_word' id='word_1_76' title='bbox 580 1045 738 1074; x_wconf 90' lang='lat' dir='ltr'>vermes</span> <span class='ocrx_word' id='word_1_77' title='bbox 763 1034 870 1086; x_wconf 86' lang='lat' dir='ltr'>quafi</span> <span class='ocrx_word' id='word_1_78' title='bbox 896 1035 1035 1086; x_wconf 88' lang='lat' dir='ltr'>privus</span> <span class='ocrx_word' id='word_1_79' title='bbox 1062 1045 1152 1082; x_wconf 85' lang='lat' dir='ltr'>est,</span> <span class='ocrx_word' id='word_1_80' title='bbox 1195 1035 1264 1076; x_wconf 88' lang='lat' dir='ltr'>sed</span> 
     </span>
     <span class='ocr_line' id='line_1_14' title="bbox 122 1102 1261 1156; baseline 0 -10"><span class='ocrx_word' id='word_1_81' title='bbox 122 1106 295 1146; x_wconf 81' lang='lat' dir='ltr'>maxime</span> <span class='ocrx_word' id='word_1_82' title='bbox 325 1103 436 1144; x_wconf 84' lang='lat' dir='ltr'>illam</span> <span class='ocrx_word' id='word_1_83' title='bbox 467 1102 521 1143; x_wconf 92' lang='lat' dir='ltr'>ob</span> <span class='ocrx_word' id='word_1_84' title='bbox 553 1103 709 1144; x_wconf 85' lang='lat' dir='ltr'>causam</span> <span class='ocrx_word' id='word_1_85' title='bbox 726 1134 738 1153; x_wconf 83' lang='lat'>,</span> <span class='ocrx_word' id='word_1_86' title='bbox 777 1103 891 1156; x_wconf 92' lang='lat' dir='ltr'>quod</span> <span class='ocrx_word' id='word_1_87' title='bbox 918 1102 1019 1145; x_wconf 89' lang='lat' dir='ltr'>Bla</span> <span class='ocrx_word' id='word_1_88' title='bbox 1036 1103 1059 1144; x_wconf 96' lang='lat' dir='ltr'><strong>s</strong></span> <span class='ocrx_word' id='word_1_89' title='bbox 1068 1105 1079 1144; x_wconf 92' lang='lat' dir='ltr'>i</span> <span class='ocrx_word' id='word_1_90' title='bbox 1096 1117 1122 1144; x_wconf 92' lang='lat' dir='ltr'>u</span> <span class='ocrx_word' id='word_1_91' title='bbox 1140 1117 1157 1144; x_wconf 92' lang='lat' dir='ltr'>s</span> <span class='ocrx_word' id='word_1_92' title='bbox 1200 1104 1261 1146; x_wconf 90' lang='lat' dir='ltr'>di-</span> 
     </span>
     <span class='ocr_line' id='line_1_15' title="bbox 122 1171 1262 1227; baseline 0 -12"><span class='ocrx_word' id='word_1_93' title='bbox 122 1185 217 1224; x_wconf 87' lang='lat' dir='ltr'>cat,</span> <span class='ocrx_word' id='word_1_94' title='bbox 249 1185 427 1213; x_wconf 89' lang='lat' dir='ltr'>vermem</span> <span class='ocrx_word' id='word_1_95' title='bbox 455 1171 623 1212; x_wconf 69' lang='lat' dir='ltr'>similem</span> <span class='ocrx_word' id='word_1_96' title='bbox 652 1173 774 1214; x_wconf 89' lang='lat' dir='ltr'>fuisse</span> <span class='ocrx_word' id='word_1_97' title='bbox 802 1173 891 1222; x_wconf 83' lang='lat' dir='ltr'>illi,</span> <span class='ocrx_word' id='word_1_98' title='bbox 933 1175 1004 1227; x_wconf 92' lang='lat' dir='ltr'>qui</span> <span class='ocrx_word' id='word_1_99' title='bbox 1035 1175 1075 1214; x_wconf 91' lang='lat' dir='ltr'>in</span> <span class='ocrx_word' id='word_1_100' title='bbox 1098 1175 1262 1216; x_wconf 88' lang='lat' dir='ltr'>renibus</span> 
     </span>
     <span class='ocr_line' id='line_1_16' title="bbox 122 1242 1260 1296; baseline 0.003 -12"><span class='ocrx_word' id='word_1_101' title='bbox 122 1244 275 1284; x_wconf 83' lang='lat' dir='ltr'>caninis</span> <span class='ocrx_word' id='word_1_102' title='bbox 302 1243 532 1291; x_wconf 85' lang='lat' dir='ltr'>invenitur,</span> <span class='ocrx_word' id='word_1_103' title='bbox 585 1243 738 1296; x_wconf 84' lang='lat' dir='ltr'>absque</span> <span class='ocrx_word' id='word_1_104' title='bbox 770 1243 897 1284; x_wconf 91' lang='lat' dir='ltr'>dubio</span> <span class='ocrx_word' id='word_1_105' title='bbox 938 1242 1060 1284; x_wconf 84' lang='lat' dir='ltr'>fuisse</span> <span class='ocrx_word' id='word_1_106' title='bbox 1100 1244 1260 1287; x_wconf 88' lang='lat' dir='ltr'>videtur</span> 
     </span>
     <span class='ocr_line' id='line_1_17' title="bbox 123 1311 543 1367; baseline -0.002 -14"><span class='ocrx_word' id='word_1_107' title='bbox 123 1311 377 1367; x_wconf 64' lang='lat' dir='ltr'>strongylus</span> <span class='ocrx_word' id='word_1_108' title='bbox 400 1312 543 1366; x_wconf 76' lang='lat' dir='ltr'>gigas.</span> 
     </span>
    </p>

    <p class='ocr_par' dir='ltr' id='par_1_4' title="bbox 115 1381 1260 1787">
     <span class='ocr_line' id='line_1_18' title="bbox 177 1381 1255 1437; baseline 0.003 -15"><span class='ocrx_word' id='word_1_109' title='bbox 177 1381 361 1423; x_wconf 85' lang='lat' dir='ltr'>Eandem</span> <span class='ocrx_word' id='word_1_110' title='bbox 404 1383 459 1423; x_wconf 93' lang='lat' dir='ltr'>ob</span> <span class='ocrx_word' id='word_1_111' title='bbox 508 1383 704 1423; x_wconf 82' lang='lat' dir='ltr'>rationem</span> <span class='ocrx_word' id='word_1_112' title='bbox 759 1382 840 1425; x_wconf 91' lang='lat' dir='ltr'>huc</span> <span class='ocrx_word' id='word_1_113' title='bbox 896 1397 1063 1437; x_wconf 88' lang='lat' dir='ltr'>quoque</span> <span class='ocrx_word' id='word_1_114' title='bbox 1112 1384 1255 1426; x_wconf 89' lang='lat' dir='ltr'>referri</span> 
     </span>
     <span class='ocr_line' id='line_1_19' title="bbox 118 1451 1258 1508; baseline 0.003 -16"><span class='ocrx_word' id='word_1_115' title='bbox 118 1451 242 1492; x_wconf 88' lang='lat' dir='ltr'>debet</span> <span class='ocrx_word' id='word_1_116' title='bbox 281 1452 628 1493; x_wconf 84' lang='lat' dir='ltr'>consentientibus</span> <span class='ocrx_word' id='word_1_117' title='bbox 686 1451 1034 1507; x_wconf 89' lang='lat' dir='ltr'>Rudolphio</span> <span class='ocrx_word' id='word_1_118' title='bbox 1078 1451 1159 1508; x_wconf 78' lang='grc' dir='ltr'>(Ι)</span> <span class='ocrx_word' id='word_1_119' title='bbox 1216 1465 1258 1495; x_wconf 91' lang='lat' dir='ltr'>et</span> 
     </span>
     <span class='ocr_line' id='line_1_20' title="bbox 118 1519 1260 1576; baseline 0.001 -13"><span class='ocrx_word' id='word_1_120' title='bbox 118 1521 425 1564; x_wconf 86' lang='lat' dir='ltr'>Bremsero</span> <span class='ocrx_word' id='word_1_121' title='bbox 483 1519 593 1576; x_wconf 76' lang='lat'><em>(2),</em></span> <span class='ocrx_word' id='word_1_122' title='bbox 646 1535 768 1575; x_wconf 89' lang='lat' dir='ltr'>quem</span> <span class='ocrx_word' id='word_1_123' title='bbox 815 1522 1155 1576; x_wconf 88' lang='lat' dir='ltr'>Ruyschius</span> <span class='ocrx_word' id='word_1_124' title='bbox 1199 1525 1260 1565; x_wconf 91' lang='lat' dir='ltr'>vi-</span> 
     </span>
     <span class='ocr_line' id='line_1_21' title="bbox 117 1590 1257 1646; baseline 0.004 -14"><span class='ocrx_word' id='word_1_125' title='bbox 117 1593 175 1633; x_wconf 86' lang='lat' dir='ltr'>dit</span> <span class='ocrx_word' id='word_1_126' title='bbox 193 1590 273 1646; x_wconf 81' lang='lat'>(3)</span> <span class='ocrx_word' id='word_1_127' title='bbox 301 1605 504 1633; x_wconf 87' lang='lat' dir='ltr'>vermem:</span> <span class='ocrx_word' id='word_1_128' title='bbox 536 1621 565 1644; x_wconf 88' lang='lat'>‚,</span> <span class='ocrx_word' id='word_1_129' title='bbox 595 1593 636 1631; x_wconf 93' lang='lat' dir='ltr'>in</span> <span class='ocrx_word' id='word_1_130' title='bbox 664 1593 827 1634; x_wconf 88' lang='lat' dir='ltr'>renibus</span> <span class='ocrx_word' id='word_1_131' title='bbox 844 1593 1027 1636; x_wconf 83' lang='lat' dir='ltr'>humanis</span> <span class='ocrx_word' id='word_1_132' title='bbox 1044 1593 1164 1635; x_wconf 88' lang='lat' dir='ltr'>semel</span> <span class='ocrx_word' id='word_1_133' title='bbox 1184 1607 1257 1636; x_wconf 87' lang='lat' dir='ltr'>eos</span> 
     </span>
     <span class='ocr_line' id='line_1_22' title="bbox 117 1658 1256 1714; baseline 0.002 -11"><span class='ocrx_word' id='word_1_134' title='bbox 117 1675 181 1704; x_wconf 88' lang='lat' dir='ltr'>me</span> <span class='ocrx_word' id='word_1_135' title='bbox 222 1662 368 1703; x_wconf 90' lang='lat' dir='ltr'>vidisse</span> <span class='ocrx_word' id='word_1_136' title='bbox 410 1663 602 1712; x_wconf 80' lang='lat' dir='ltr'>memini,</span> <span class='ocrx_word' id='word_1_137' title='bbox 641 1662 780 1714; x_wconf 86' lang='lat' dir='ltr'>quales</span> <span class='ocrx_word' id='word_1_138' title='bbox 821 1665 862 1704; x_wconf 91' lang='lat' dir='ltr'>in</span> <span class='ocrx_word' id='word_1_139' title='bbox 906 1658 1256 1706; x_wconf 82' lang='lat' dir='ltr'>canum&#39;renibus</span> 
     </span>
     <span class='ocr_line' id='line_1_23' title="bbox 115 1732 814 1787; baseline 0 -14"><span class='ocrx_word' id='word_1_140' title='bbox 115 1732 239 1787; x_wconf 88' lang='lat' dir='ltr'>longe</span> <span class='ocrx_word' id='word_1_141' title='bbox 268 1732 519 1786; x_wconf 85' lang='lat' dir='ltr'>frequentius</span> <span class='ocrx_word' id='word_1_142' title='bbox 548 1732 814 1773; x_wconf 83' lang='lat' dir='ltr'>occurrunt.&#39;&#39;</span> 
     </span>
    </p>
   </div>
   <div class='ocr_carea' id='block_1_3' title="bbox 172 1794 1255 1927">
    <p class='ocr_par' dir='ltr' id='par_1_5' title="bbox 172 1794 1255 1927">
     <span class='ocr_line' id='line_1_24' title="bbox 172 1794 1252 1858; baseline 0 -15"><span class='ocrx_word' id='word_1_143' title='bbox 172 1801 250 1843; x_wconf 85' lang='lat' dir='ltr'>Est</span> <span class='ocrx_word' id='word_1_144' title='bbox 276 1803 435 1844; x_wconf 85' lang='lat' dir='ltr'>tandem</span> <span class='ocrx_word' id='word_1_145' title='bbox 464 1802 695 1845; x_wconf 84' lang='lat' dir='ltr'>observatio</span> <span class='ocrx_word' id='word_1_146' title='bbox 727 1803 764 1845; x_wconf 89' lang='lat' dir='ltr'>T</span> <span class='ocrx_word' id='word_1_147' title='bbox 781 1803 938 1858; x_wconf 91' lang='lat' dir='ltr'>ulpii</span> <span class='ocrx_word' id='word_1_148' title='bbox 966 1804 1117 1847; x_wconf 85' lang='lat' dir='ltr'>haecce</span> <span class='ocrx_word' id='word_1_149' title='bbox 1145 1794 1252 1856; x_wconf 55' lang='lat'><strong>(4)&#39;:</strong></span> 
     </span>
     <span class='ocr_line' id='line_1_25' title="bbox 1092 1872 1255 1927; baseline 0.006 -13"><span class='ocrx_word' id='word_1_150' title='bbox 1092 1904 1122 1927; x_wconf 86' lang='lat'>,‚</span> <span class='ocrx_word' id='word_1_151' title='bbox 1151 1872 1255 1915; x_wconf 89' lang='lat' dir='ltr'>Vol·</span> 
     </span>
    </p>
   </div>
   <div class='ocr_carea' id='block_1_4' title="bbox 159 1983 906 2202">
    <p class='ocr_par' dir='ltr' id='par_1_6' title="bbox 159 1983 906 2088">
     <span class='ocr_line' id='line_1_26' title="bbox 159 1983 906 2032; baseline 0.005 -14"><span class='ocrx_word' id='word_1_152' title='bbox 159 1983 549 2029; x_wconf 77' lang='lat' dir='ltr'>&lt;1)Rudolph.1.</span> <span class='ocrx_word' id='word_1_153' title='bbox 578 1987 601 2021; x_wconf 87' lang='grc' dir='ltr'>Ι.</span> <span class='ocrx_word' id='word_1_154' title='bbox 629 1987 705 2022; x_wconf 92' lang='lat' dir='ltr'>Vol.</span> <span class='ocrx_word' id='word_1_155' title='bbox 733 1987 760 2022; x_wconf 93' lang='grc' dir='ltr'>Ι.</span> <span class='ocrx_word' id='word_1_156' title='bbox 788 1998 822 2032; x_wconf 88' lang='lat' dir='ltr'>p.</span> <span class='ocrx_word' id='word_1_157' title='bbox 851 1989 906 2032; x_wconf 83' lang='lat'>83.</span> 
     </span>
     <span class='ocr_line' id='line_1_27' title="bbox 159 2039 677 2088; baseline 0.006 -12"><span class='ocrx_word' id='word_1_158' title='bbox 159 2039 222 2085; x_wconf 77' lang='lat'>(2)</span> <span class='ocrx_word' id='word_1_159' title='bbox 248 2043 274 2075; x_wconf 90' lang='lat' dir='ltr'>B</span> <span class='ocrx_word' id='word_1_160' title='bbox 291 2052 306 2074; x_wconf 91' lang='lat' dir='ltr'>r</span> <span class='ocrx_word' id='word_1_161' title='bbox 322 2052 339 2075; x_wconf 89' lang='lat' dir='ltr'>e</span> <span class='ocrx_word' id='word_1_162' title='bbox 357 2052 387 2074; x_wconf 87' lang='lat' dir='ltr'>m</span> <span class='ocrx_word' id='word_1_163' title='bbox 404 2043 426 2077; x_wconf 73' lang='lat'>1.</span> <span class='ocrx_word' id='word_1_164' title='bbox 452 2044 473 2078; x_wconf 82' lang='lat'>1.</span> <span class='ocrx_word' id='word_1_165' title='bbox 497 2045 518 2077; x_wconf 90' lang='grc' dir='ltr'>Ι.</span> <span class='ocrx_word' id='word_1_166' title='bbox 541 2055 575 2087; x_wconf 87' lang='lat' dir='ltr'>p.</span> <span class='ocrx_word' id='word_1_167' title='bbox 600 2055 677 2088; x_wconf 82' lang='lat'>227.</span> 
     </span>
    </p>

    <p class='ocr_par' dir='ltr' id='par_1_7' title="bbox 159 2096 871 2202">
     <span class='ocr_line' id='line_1_28' title="bbox 160 2096 827 2144; baseline 0.003 -11"><span class='ocrx_word' id='word_1_168' title='bbox 160 2096 224 2143; x_wconf 81' lang='grc'>(3)</span> <span class='ocrx_word' id='word_1_169' title='bbox 249 2099 282 2134; x_wconf 82' lang='lat' dir='ltr'>R</span> <span class='ocrx_word' id='word_1_170' title='bbox 297 2109 316 2131; x_wconf 91' lang='lat' dir='ltr'>u</span> <span class='ocrx_word' id='word_1_171' title='bbox 334 2110 353 2141; x_wconf 80' lang='lat' dir='ltr'>y</span> <span class='ocrx_word' id='word_1_172' title='bbox 370 2099 414 2133; x_wconf 88' lang='lat' dir='ltr'>sc</span> <span class='ocrx_word' id='word_1_173' title='bbox 430 2101 461 2135; x_wconf 87' lang='lat' dir='ltr'>h.</span> <span class='ocrx_word' id='word_1_174' title='bbox 487 2100 559 2143; x_wconf 74' lang='lat' dir='ltr'>Ohfi</span> <span class='ocrx_word' id='word_1_175' title='bbox 589 2102 694 2136; x_wconf 72' lang='lat' dir='ltr'>Anat,</span> <span class='ocrx_word' id='word_1_176' title='bbox 718 2112 753 2144; x_wconf 72' lang='lat' dir='ltr'>p·</span> <span class='ocrx_word' id='word_1_177' title='bbox 770 2102 827 2142; x_wconf 87' lang='lat'>64.</span> 
     </span>
     <span class='ocr_line' id='line_1_29' title="bbox 159 2153 871 2202; baseline 0.006 -13"><span class='ocrx_word' id='word_1_178' title='bbox 159 2153 222 2200; x_wconf 84' lang='lat'>(4)</span> <span class='ocrx_word' id='word_1_179' title='bbox 247 2156 277 2190; x_wconf 88' lang='lat' dir='ltr'>T</span> <span class='ocrx_word' id='word_1_180' title='bbox 292 2156 450 2200; x_wconf 76' lang='lat' dir='ltr'>Ulpii,</span> <span class='ocrx_word' id='word_1_181' title='bbox 476 2158 497 2192; x_wconf 87' lang='lat'>1.</span> <span class='ocrx_word' id='word_1_182' title='bbox 522 2158 543 2193; x_wconf 91' lang='lat'>1.</span> <span class='ocrx_word' id='word_1_183' title='bbox 568 2157 643 2192; x_wconf 82' lang='lat' dir='ltr'>Lib.</span> <span class='ocrx_word' id='word_1_184' title='bbox 668 2159 712 2194; x_wconf 85' lang='lat' dir='ltr'>Il.</span> <span class='ocrx_word' id='word_1_185' title='bbox 737 2166 770 2192; x_wconf 89' lang='lat' dir='ltr'>e.</span> <span class='ocrx_word' id='word_1_186' title='bbox 792 2169 871 2202; x_wconf 84' lang='lat'><strong>49.·</strong></span> 
     </span>
    </p>
   </div>
  </div>
 </body>
</html>
