1519 2729
13 1850 41 2371 ,ῃ

535 191 762 247 (35)

98 327 335 369 electricum
370 329 510 383 majori
552 331 772 382 quantitate
811 329 851 369 in
890 327 1124 383 regionibus
1167 340 1223 368 at-

100 398 361 450 mosphaerae
388 398 659 452 superioribus
685 399 808 447 adfit‚
853 411 972 451 quam
996 400 1036 438 in
1062 398 1226 438 inferio·-

100 467 212 507 ribus
253 466 412 520 (Princ.
437 466 518 520 4),
562 480 602 509 et
629 467 737 507 illius
767 468 811 508 fit
841 467 1017 516 indolis,
1055 481 1133 520 qua
1161 478 1224 505 ae-

99 535 318 589 quabiliter
370 536 408 576 se
437 538 604 592 ,spargat
645 538 685 577 in
740 538 873 577 omnia
918 549 1090 588 corpora
1148 536 1225 575 cir-

103 605 369 659 cumjacentia
426 604 586 658 (Princ.
627 618 708 660 5),
760 605 965 659 sequitur,
1012 606 1228 659 hygmme-

101 686 205 715 trum
237 675 428 728 majorem
458 676 645 716 ficcitatis
674 676 838 731 gradum
867 676 1042 717 indicare
1083 675 1230 716 debere

104 743 187 784 illis
215 745 255 784 in
281 744 516 800 pegionibus
546 758 664 798 quam
694 747 734 784 in
763 745 839 786 his.

534 900 540 905 ¹
597 883 767 936 §VIIL

401 994 596 1063 vTheoria
627 1020 690 1061 Cl.
722 1020 919 1063 PARROT.

162 1160 232 1202 Cl.
263 1160 488 1209 Parrot,
520 1175 612 1201 cum
642 1160 803 1201 vidisset
819 1161 1097 1214 imperfectam
1118 1174 1233 1214 prae-

109 1231 336 1272 cedentium
368 1231 611 1271 them-iarum
641 1231 918 1271 conditionem
936 1261 948 1279 ,
981 1231 1135 1270 illarum
1157 1244 1230 1271 nu-

111 1314 261 1341 merum
293 1300 358 1340 sua
401 1302 538 1348 auxit,
581 1300 800 1353 illamque,
857 1314 933 1341 una
962 1314 1054 1340 cum
1082 1313 1233 1344 cetera-

108 1383 196 1411 rum
226 1369 542 1423 dijudicatione,
573 1370 786 1424 proposuit
813 1372 852 1410 in
882 1369 989 1410 libro
1012 1371 1077 1410 cui
1094 1370 1235 1409 titulus

110 1440 148 1479 V
165 1453 190 1480 o
207 1441 218 1479 i
234 1451 291 1494 gt
308 1439 340 1479 's
373 1439 588 1493 Magazin
617 1440 694 1480 der
719 1438 1010 1480 Naturkzmde
1026 1469 1038 1486 ‚
1084 1438 1130 1478 B.
1159 1438 1234 1479 111.

111 1511 292 1551 Weimar
339 1511 458 1551 1801.
518 1509 635 1551 Hanc
672 1521 804 1550 autem
839 1509 1032 1549 theoriam
1061 1509 1238 1550 breviter

113 1582 278 1621 omnino
304 1592 532 1633 exponam,
563 1593 656 1621 cum
684 1580 754 1621 ille
781 1580 886 1620 liber
915 1579 1013 1620 mihi
1038 1579 1162 1628 defit,
1194 1591 1236 1620 et

53 1659 60 1665 ’
112 1650 201 1690 Viri
235 1649 302 1689 Cl.
341 1649 457 1689 labor
494 1651 620 1703 magis
653 1650 870 1691 laudandus
900 1651 998 1690 mihi
1026 1650 1235 1698 videatur,

112 1721 153 1760 in
204 1719 366 1758 aliarum
420 1718 660 1761 them-iarum
724 1720 947 1773 inperfecta
1003 1719 1239 1760 conditione

114 1787 379 1836 ostendenda,
421 1800 539 1840 quam
569 1791 608 1829 in
638 1790 704 1831 sua
730 1790 849 1843 ipfius
884 1790 1176 1843 proponenda,
1208 1791 1236 1831 fi

115 1859 164 1898 de
202 1857 311 1897 illius
354 1856 585 1908 praestantia
620 1860 800 1913 judicare
842 1860 989 1913 possim
1038 1871 1087 1901 ex
1126 1860 1236 1909 illis,

115 1939 217 1981 quae
247 1925 396 1966 exstant
423 1927 528 1979 apud
553 1928 585 1968 Z
602 1942 626 1980 y
643 1929 655 1969 l
672 1930 683 1968 i
701 1943 725 1969 u
743 1942 779 1968 m
811 1941 850 1968 et
874 1929 906 1969 F
924 1931 936 1968 i
953 1931 1002 1970 sc
1019 1931 1044 1970 h
1061 1943 1115 1970 er
1132 1926 1249 1984 (¹1),‘

116 2010 219 2049 quos
245 1998 284 2035 in
314 1996 387 2036 hac
415 1997 468 2035 ita
495 2009 540 2036 ac
568 1998 607 2037 in
643 1998 710 2039 Cl.
743 1997 898 2039 Habe
926 2000 1081 2041 theoria
1109 2013 1236 2054 expo—

115 2066 242 2108 nenda
271 2066 381 2118 sequi
409 2066 542 2107 debui.

1156 2126 1245 2169 Ex·.

162 2209 225 2255 (ι)
249 2212 324 2246 vid.
348 2213 381 2245 ιι.
406 2213 440 2246 ιι.
