1519 2729
697 165 952 223 (106)

244 299 330 348 rum
354 305 588 359 -vaporibus
618 305 810 355 oriretur,
855 319 947 348 cum
977 308 1135 353 omnia,
1170 319 1272 359 quae
1313 319 1372 349 at·

244 377 504 430 mosphaerae
554 375 832 417 humiditatem
873 377 1130 427 diminuunt,
1179 389 1372 431 evapora->

244 449 394 488 tionem
419 456 700 500 promoveant.

297 515 385 570 Jam
427 516 575 557 dudum
602 514 911 557 observaverunt
943 526 1250 570 temperaturam
1280 527 1372 558 coro

240 598 414 640 porum,
456 587 604 639 quibus
642 598 709 627 ros
750 586 887 627 affixus
927 576 1016 635 est,>
1059 587 1255 627 minorem
1309 597 1373 626 es-

241 655 282 696 se
311 651 434 709 quam‘
466 657 568 697 ae'ris
606 656 819 696 ambientis
864 666 1159 708 temperatura,
1196 666 1241 696 et
1267 655 1370 696 haec

241 736 533 779 temperaturae
585 725 808 766 differentia
860 725 935 778 ipfi
975 727 1078 766 roris
1134 725 1371 766 formationi

242 796 364 836 tribui
392 795 560 836 solebat.
620 794 750 836 Doct.
778 793 964 835 Wells
993 807 1091 835 vero
1120 794 1370 836 observatio-

240 878 333 907 nem
357 866 634 907 confirmatam
663 865 842 913 invenit,
871 865 1026 906 inversa
1052 866 1209 906 ratione
1235 877 1368 908 autem

238 935 349 976 illam
377 935 624 989 explicavit,
666 946 708 975 et
736 934 947 976 contendit
964 964 977 983 ,
1021 934 1122 976 hanc
1149 934 1368 976 differenti-

239 1016 302 1043 am
329 1005 432 1043 roris
457 1003 714 1046 formationis
738 1004 924 1054 causam,
963 1017 1047 1045 non
1075 1017 1172 1046 vero
1199 1006 1282 1048 esse
1307 1005 1368 1047 ef-

237 1072 406 1114 fectum.

300 1141 360 1183 1⁰.
391 1141 696 1197 Nonnunquam
735 1147 844 1186 enim
896 1157 1070 1198 corpora
1108 1145 1370 1186 observantur

237 1223 331 1252 aere
357 1212 564 1252 ambiente
594 1213 835 1268 frigidiora,
876 1215 973 1256 dum
1001 1228 1070 1256 ros
1097 1227 1180 1255 non
1216 1215 1367 1257 forma-

238 1292 303 1321 tus
329 1281 404 1332 fit3
448 1293 490 1322 et
521 1283 583 1323 2⁰.
611 1282 740 1338 frigus
770 1294 853 1326 non
882 1296 942 1326 est
971 1286 1228 1340 praecipitati
1264 1287 1368 1327 roris

237 1353 449 1404 quantitati
476 1354 800 1406 proportionale.

244 1450 250 1454 -
294 1419 380 1462 Has
407 1422 490 1475 pos
494 1434 627 1463 tiones
654 1424 793 1465 multis
822 1424 1026 1480 probavit?
1049 1425 1366 1478 experimentis;

235 1491 300 1533 his
337 1503 470 1533 autem
504 1491 694 1545 probatis
732 1492 938 1549 sequitur,
979 1508 1199 1548 corporum
1237 1495 1367 1549 frigus

234 1563 339 1602 roris
365 1562 623 1603 formationis
646 1574 729 1603 non
754 1566 838 1607 esse
865 1565 1084 1616 effectum3
1126 1564 1195 1607 sed
1221 1565 1367 1606 exinde

232 1633 412 1675 nondum
441 1632 647 1687 sequitur,
691 1633 771 1676 hoc
799 1635 927 1690 frigus
968 1636 1069 1676 roris
1107 1634 1366 1678 formationis

232 1703 319 1745 esse
346 1703 530 1754 causam3
569 1705 853 1758 praecipitatio
883 1706 989 1746 enim
1015 1705 1160 1758 frigori
1191 1717 1274 1746 non
1303 1716 1366 1746 est

232 1773 584 1829 proportionalis,
628 1774 798 1817 effectus
845 1785 976 1815 tamen
1018 1774 1156 1816 causae
1197 1775 1363 1830 respon·

234 1845 326 1884 deat
361 1843 524 1885 necesse
565 1856 639 1885 est.
729 1843 842 1885 Haec
884 1843 1094 1886 difficultas
1136 1847 1269 1886 autem
1303 1845 1363 1887 fa-

232 1914 313 1955 cile
341 1914 539 1964 solvitur,
571 1916 597 1955 fi
628 1914 950 1964 consideramus,
981 1928 1114 1957 rorem
1145 1915 1361 1969 provenire

230 1997 255 2025 e
280 1986 529 2039 vaporibm,
581 1987 621 2026 in
660 1984 937 2039 atmosphaera
975 1986 1246 2036 exstantibusr,
1291 1985 1359 2026 de·

230 2055 381 2108 pendet
419 2057 542 2111 igitur
581 2057 683 2096 roris
723 2057 1008 2109 praecipitatio
1036 2069 1119 2096 non
1159 2067 1308 2097 tantum
1337 2069 1360 2096 a

231 2139 482 2179 corporum,
514 2127 660 2179 quibus
686 2127 885 2181 affigitur,
924 2125 1258 2180 refrigeratione,
1291 2125 1358 2166 sed

229 2208 272 2237 et
307 2196 358 2238 ab
393 2197 497 2238 aeris
537 2197 787 2239 humiditate.
864 2196 1107 2251 >Corporum
1147 2196 1358 2251 refrigera-

1278 2276 1359 2307 uoa
