1519 2729
504 108 792 210 ἦ’(89)

115 289 203 336 bus'
229 303 514 346 temperaturae
552 283 812 344 aequalibus⁹
858 286 1102 329 diversorum
1145 283 1233 326 flui-

115 366 257 406 dorum
311 365 415 403 vires
458 363 640 403 clasticas
693 358 910 413 aequaliter
955 356 1131 402 variare,
1187 353 1229 392 in

116 434 303 475 omnibus
333 432 485 474 casibus
513 431 644 472 valere
670 432 838 483 nequit,
868 429 926 469 uti
954 436 1064 479 patet
1088 436 1137 464 ex
1163 434 1231 462 ex-

114 491 348 556 perimentis
389 500 517 541 Doct.
574 499 681 541 Ure
719 511 759 540 et
801 498 1090 549 Despretz
1137 489 1234 545 (1).

116 573 223 614 Cum
252 558 381 612 autem
411 568 546 610 inultis
570 570 610 608 in
640 567 793 611 cafibu‘s
818 567 974 609 veritati
997 575 1116 618 quam
1139 573 1236 614 pro-

116 644 222 684 xime
250 640 441 682 accedere
467 650 623 692 reperta
653 641 697 681 fit
726 640 872 681 haecce
902 637 996 684 lex,
1043 643 1230 686 tanquam

116 711 412 764 approximatio
454 719 514 748 est
566 708 774 761 habenda,
819 720 920 762 quae
957 703 1151 758 pluribus
1193 702 1236 741 in

119 781 272 822 cafibus
299 779 472 820 sufficere
501 789 648 848 potest.
708 777 857 820 Procul
888 776 1012 817 dubio
1048 786 1087 812 v.
1118 785 1154 812 c.
1185 782 1235 811 ex

118 851 188 891 illa
217 849 458 890 concludere
480 848 717 900 possumus,
749 847 936 890 mercurii
965 854 1163 897 vapores.,
1194 842 1236 880 in

119 921 322 974 superiore
363 918 579 958 barometri
616 931 728 970 parte
771 918 994 961 exstantes,
1040 923 1238 963 tempera·

120 1003 206 1031 tura
232 987 409 1042 vulgari,
455 989 639 1041 exiguam
678 987 825 1026 habere
863 984 1109 1028 tensionem,
1154 992 1237 1032 qua.

119 1059 334 1100 barometri
377 1056 516 1096 statum
558 1067 707 1097 mutare
747 1064 979 1109 nequeunt,
1008 1049 1078 1090 nifi
1114 1048 1242 1090 modo

118 1131 159 1171 in
188 1125 329 1169 eventa
354 1126 504 1167 nullam
533 1127 734 1167 actionem
759 1135 986 1166 exercente.

176 1198 330 1240 Modus
369 1209 452 1250 quo
494 1195 630 1236 Biot
670 1196 847 1249 explicat
881 1195 1024 1234 virium
1055 1190 1241 1230 elastica«

119 1281 207 1311 rum
233 1269 471 1308 variationes
488 1297 500 1315 ‚
532 1278 604 1319 per
633 1265 757 1306 solida
782 1263 999 1317 productas
1015 1290 1028 1309 ,
1072 1272 1163 1300 cum
1190 1257 1238 1297 li-

119 1333 253 1392 'quidis
281 1337 507 1379 affinitatem
536 1335 706 1382 alenda,
744 1331 1002 1388 ingeniosus,
1047 1334 1092 1369 et'
1116 1334 1238 1381 expe-

120 1409 300 1451 rimentis
329 1407 616 1448 consentaneus
645 1403 743 1444 mihi
767 1402 936 1442 videtur.

143 1484 149 1489 '
177 1478 313 1528 Cum,
358 1478 426 1517 uti
443 1476 640 1523 diximus,
669 1484 862 1526 vaporum
889 1469 1046 1524 pondus
1073 1480 1154 1508 non
1182 1467 1241 1511 di-

122 1556 232 1591 recte
269 1547 318 1588 ad
358 1547 554 1586 theoriam
597 1544 820 1599 pertineat,
864 1551 903 1580 et
927 1541 1060 1581 omnia
1088 1539 1136 1579 de
1165 1537 1241 1578 illo

122 1618 239 1660 allata
255 1647 268 1665 ,
300 1616 460 1656 directis
486 1617 661 1656 nitantur
689 1611 972 1665 experimentis
991 1639 1004 1658 ‚
1031 1608 1131 1649 nihil
1154 1608 1192 1648 h.
1210 1606 1249 1647 l.-

122 1689 172 1729 de
200 1699 252 1728 eo
279 1685 491 1726 dicendum
521 1685 677 1733 habeo,
724 1693 917 1722 transeam
949 1681 1070 1735 igitur
1096 1679 1146 1719 ad
1181 1677 1237 1717 al-

125 1753 245 1800 teram
276 1755 392 1809 hujus
419 1755 654 1809 paragraphi
681 1763 848 1806 partem.

166 1911 229 1960 (1)
252 1913 328 1949 Vid.
349 1915 486 1949 Annales
512 1915 549 1950 de
568 1913 684 1951 Chimie
706 1924 739 1949 et
761 1915 798 1948 de
824 1911 966 1957 Physique
982 1934 993 1952 ,
1030 1909 1126 1944 Tom.
1153 1908 1242 1944 XXI.

119 1982 192 2018 pag.
223 1982 285 2017 ¹54
314 1979 348 2005 et
374 1980 447 2016 155.

1178 2190 1235 2262 Π,
