1519 2729
563 164 789 222 (67)

109 308 310 350 servantur
368 307 665 360 symptomata,
717 319 740 347 a
791 307 994 349 vermibus
1024 354 1027 357 ι
1052 307 1125 347 sint
1177 321 1238 347 re-

107 379 306 432 petenda,
338 389 386 418 an
415 377 464 417 ab
483 375 568 417 „alia
603 377 748 428 causa,
780 390 882 433 quae
911 390 1066 419 vermes
1108 379 1239 418 comi-

105 459 165 488 tes
191 449 323 489 habet.
902 504 915 510 k

161 517 228 559 Ex
270 518 425 572 duplici
465 518 580 559 fonte
620 525 752 557 autem
794 516 1063 571 symptomata
1097 530 1240 572 petere

110 589 278 630 liceatzv

165 672 199 699 1.
231 658 400 700 Scilicet
428 671 478 699 ex
518 659 664 707 noxis,
707 670 807 728 ⁰1¹³an
843 657 1021 700 inferunt
1049 657 1148 700 loeo
1176 660 1239 712 ip·

100 728 144 769 so
176 742 259 782 quo
286 728 543 778 nidulentur‚
575 739 616 769 et

159 813 197 840 2.
230 799 296 840 Ex
327 799 574 853 sympathica
600 797 814 839 affectione
851 798 1016 841 aliarum
1044 801 1234 853 partium.

157 867 285 922 Quod.
314 869 362 909 ad
382 870 557 922 primum
575 900 587 918 ‚
621 868 757 909 omnia
780 882 826 909 ea
853 870 1120 923 symptomata
1138 884 1236 923 pro-

98 934 251 978 ducere
278 938 643 991 possuntvermes,
676 952 777 992 quae
807 939 949 980 affecta
974 942 1161 981 intestina
1173 942 1236 980 in·-

96 1007 245 1048 dicant.
312 1007 511 1062 Quamvis
554 1009 661 1048 enim
702 1010 806 1048 inter
849 1009 917 1048 illa
955 1009 1069 1061 plura
1096 1013 1236 1063 potius

96 1077 362 1131 symptomata
404 1078 542 1119 causae
568 1079 649 1119 dici
680 1079 899 1131 deberent,
932 1080 1090 1120 scilicet
1119 1081 1234 1122 debi-

94 1139 231 1206 litatae
255 1150 535 1189 intestinorum
555 1151 727 1190 actionis
743 1179 757 1197 ‚
788 1162 944 1190 vermes
960 1161 1232 1204 tamen-quan-

95 1218 149 1259 do
178 1220 305 1274 geniti
348 1218 436 1258 sunt
465 1218 575 1259 illam
608 1219 856 1260 debilitatem
891 1219 1030 1259 fovere
1073 1233 1229 1262 certum

96 1288 281 1338 videtur,
313 1288 543 1342 praesertim
574 1290 743 1341 pituitae
773 1300 814 1329 et
843 1291 951 1330 muci
979 1293 1231 1343 generationi

94 1357 284 1399 favendo.
373 1358 648 1399 Observantur
696 1361 817 1412 igitur
859 1359 996 1414 lingna
1041 1360 1227 1411 sordida,

94 1425 232 1467 foetor
276 1428 357 1478 oris
375 1457 387 1476 ,
430 1427 602 1477 nausea,
641 1428 847 1477 νοιῃίῑύς,
877 1443 1015 1471 tumor
1043 1430 1227 1482 abdomi-

89 1497 180 1545 nis,
228 1510 392 1546 ructus,
439 1498 735 1552 borboiygrni,
781 1500 924 1549 flatus,
967 1500 1080 1541 alvus
1115 1514 1225 1543 nune

89 1566 273 1607 adstricta
314 1580 420 1608 nunc
460 1568 643 1622 liquida,
688 1573 891 1623 appetitus
918 1583 1025 1612 nnnc
1053 1571 1224 1623 prostra-

75 1646 178 1682 ¹tus„
209 1649 316 1677 nune
347 1636 537 1678 adauctus
556 1652 674 1691 qnam
690 1641 892 1689 maxime,
924 1639 1057 1692 pallor
1071 1640 1222 1692 faciei,

88 1705 302 1753 debilitas,
333 1705 551 1747 lassitudo:
599 1706 808 1746 Praeterea
832 1707 939 1748 mole
970 1708 1036 1749 sua
1063 1721 1104 1750 et
1130 1712 1220 1752 irri-

65 1776 238 1814 ¹tatione
281 1775 404 1816 locali
442 1777 701 1817 observantur
742 1790 763 1817 a
804 1779 1005 1821 vermibus
1042 1766 1220 1833 firmitus

85 1844 179 1891 ani,
212 1845 409 1886 interdum
439 1839 768 1896 molestisfimns‚
816 1849 935 1904 hujus
976 1850 1218 1904 p1·olapsu5‚

86 1914 415 1956 haemorrhoides
432 1945 444 1964 ,
491 1920 641 1957 ventris
683 1917 845 1959 dolores
869 1919 1057 1960 rodentes
1074 1951 1086 1971 ‚
1118 1935 1217 1974 pan-

81 1995 249 2037 gentes,
284 1984 379 2032 fixi,
412 1986 585 2025 erratici.

137 2053 203 2093 Ad
227 2053 446 2094 secundum
475 2055 631 2096 fontem
649 2087 660 2105 ‚
692 2057 742 2098 ad
770 2058 1024 2100 affectionem
1056 2060 1213 2116 sympa-

79 2121 228 2164 thicam
256 2123 419 2164 aliarum
442 2125 621 2177 'partium
648 2130 849 2180 pertinent
871 2133 1003 2171 omnia
1019 2144 1063 2172 ea
1078 2132 1212 2185 symp-

79 2205 255 2246 tomata,
315 2207 415 2248 quae
458 2208 507 2236 ex
550 2197 774 2238 irritatione
814 2201 925 2241 nervi
968 2201 1208 2254 sympathici

601 2265 636 2307 E
670 2282 694 2309 2
1041 2274 1202 2327 magni,
