1519 2729
667 130 884 189 (78)

210 274 440 315 horninibus
480 270 709 321 debilibus,
754 269 1011 310 debilitantur
1051 267 1161 307 enim.
1198 267 1324 320 magis

210 357 358 399 organa
384 341 686 395 chylopoictica
718 351 836 392 quam
871 338 1156 386 instaurantur,
1199 336 1319 390 hujus

210 415 366 468 ingestu
391 412 577 466 largiore.
969 419 971 422 ’

265 482 304 522 d.
342 480 668 521 Medicamenta.
755 476 834 519 Hie
873 478 912 516 in
957 476 1116 517 censum
1160 476 1324 515 veniunt

211 552 345 591 omnia
393 562 540 602 corpus
581 547 820 595 debilantia,
861 547 919 586 uti
958 546 1044 586 sunt
1082 544 1322 594 relaxanda,

209 619 301 659 dein
343 621 450 660 muci
493 619 753 659 secretionem
797 618 1010 672 augentia,
1054 627 1154 672 quae
1194 626 1324 654 tamen

212 687 450 741 plerumque
477 689 557 727 vim
586 688 866 728 intestinorum
883 717 896 735 ,
940 688 966 728 fi
997 680 1140 726 horum
1167 683 1324 737 respec-

210 768 294 797 tum
328 757 499 806 habeas,
545 757 797 811 digestricem
841 756 951 798 simul
987 756 1224 802 instaurant,
1265 754 1324 794 uti

210 827 298 867 sunt
328 825 452 867 multa
473 839 493 866 e
516 827 799 867 stimulantium
843 825 966 866 classe
1008 825 1323 872 medicamenta,

208 908 329 949 quare
357 895 382 935 fi
414 896 492 936 huc
522 897 747 949 pertinent,
779 896 920 936 latiore
944 894 1053 935 sensu
1083 894 1220 934 reduci
1257 893 1325 933 de-

208 966 319 1006 bent.
379 965 539 1007 Eodem
566 967 688 1006 modo
717 972 806 1007 cam
826 965 1000 1006 Venenis
1031 976 1092 1004 res
1122 963 1159 1003 se
1189 963 1324 1003 habet.

266 1035 346 1076 110.
381 1035 524 1077 Gesta.
596 1035 895 1091 Quodcumque
939 1033 1174 1074 collectioni
1204 1033 1325 1086 pitui-

209 1106 317 1146 tosae
360 1108 557 1160 originem
599 1106 791 1158 praebet,
848 1106 967 1145 etiam
1002 1104 1204 1156 vermibus
1241 1101 1325 1142 fere

204 1176 361 1229 semper
392 1176 587 1230 originem
617 1177 806 1228 praebere
838 1174 951 1215 solet.
1012 1173 1053 1213 Si
1092 1175 1213 1227 igitur
1251 1172 1324 1212 ho-

205 1258 274 1285 mo
315 1245 506 1300 languet,
550 1244 629 1284 sese
666 1257 746 1286 non
779 1255 968 1292 exercet,
1012 1243 1082 1284 ubi
1111 1232 1324 1283 humorum

204 1315 312 1356 bona
338 1315 519 1355 subactio
547 1314 685 1355 locum
714 1327 796 1354 non
820 1314 991 1361 habeat,
1036 1324 1112 1353 nec
1143 1312 1225 1352 cibi
1255 1311 1324 1351 be-

204 1398 255 1430 ne
298 1385 550 1439 digerantur,
597 1384 864 1426 collectiones
907 1384 1075 1436 pituitae
1118 1381 1232 1421 valde
1257 1393 1323 1420 ac-

208 1466 420 1504 crescunt,
463 1466 503 1494 et
534 1467 625 1494 cum
653 1455 714 1494 his
744 1454 937 1493 vermium
967 1463 1076 1491 ortus
1107 1451 1323 1491 facilitatur

206 1536 326 1578 atque
365 1530 544 1579 augetur.
576 1539 621 1547 -
652 1523 719 1564 Sic
761 1523 879 1562 etiam
923 1522 1043 1560 animi
1068 1520 1323 1572 pathemata,

207 1607 377 1636 tractum
437 1593 701 1634 intestinalem
756 1589 1032 1640 debilitantia,
1090 1587 1210 1629 facile
1257 1589 1323 1629 hic

208 1664 385 1705 caussam
414 1661 703 1704 occasionalem
728 1663 864 1702 sistunt
894 1660 1088 1700 vermium
1128 1660 1323 1714 originis,

210 1734 397 1788 quorsum
428 1745 582 1781 metus,
614 1743 801 1779 moeror,
833 1729 1001 1782 aliaque.
1275 1715 1280 1718 ¹

265 1804 369 1844 1110.
397 1802 592 1844 Excreta
622 1815 667 1842 ac
705 1809 887 1841 retenta.
945 1797 1031 1851 Jam
1071 1797 1121 1850 §§
1155 1797 1323 1851 46-50.

209 1874 409 1922 vidimus,
453 1885 614 1912 mucum
659 1882 830 1911 tractum
867 1866 1132 1909 intestinalem
1156 1879 1201 1921 et
1230 1867 1326 1908 alias

208 1955 370 1996 quoque
386 1954 517 1996 partes
545 1943 864 1987 obvestientem,
894 1937 1121 1993 degenerari
1151 1938 1190 1977 in
1219 1948 1325 1978 tena-

213 2014 363 2053 ciorem
407 2013 622 2065 pituitam,
660 2013 687 2052 fi
714 2011 929 2050 retinetur:
974 2007 1194 2047 addendum
1222 2020 1324 2059 quo-

213 2094 290 2136 que
318 2082 412 2132 hic,
444 2080 568 2122 bilem
599 2083 794 2131 inertem,
824 2076 1049 2123 acholiam‚
1093 2076 1246 2131 aliaque
1285 2077 1325 2115 in

1266 2158 1325 2186 m-
