1519 2729
779 205 1001 262 (50)

322 339 383 380 dit
422 340 462 380 in
503 339 629 389 δικαιῖῳ
669 337 741 380 suo
787 344 943 395 φυσίκῳ.
1016 341 1302 386 Verumtamen
1344 344 1455 386 illam

323 408 654 460 distinctionem,
685 422 804 462 quam
830 425 906 453 nos
934 415 1186 466 quaerimus,
1218 415 1322 455 inter
1347 413 1454 468 Juris

321 478 616 532 obligationem
646 489 687 518 et
715 480 891 539 offieium
917 496 999 525 non
1027 484 1202 525 tradidit.

383 560 420 601 3.
453 547 583 589 Stoici
621 549 671 588 in*
704 549 878 604 sapiente
920 552 992 594 suo
1029 555 1165 595 omnia
1199 547 1452 607 complecte-

324 617 482 658 bantur.

377 701 420 739 4-
450 686 603 728 Cicero
638 688 858 730 naturalem
901 688 1087 746 Legem,-
1129 704 1231 745 quae
1270 705 1293 733 a
1340 691 1451 733 nulla

298 757 469 810 pendet
505 759 682 798 civitatis
723 760 906 809 ratione,
946 761 1112 815 agnovit
1152 760 1344 814 quidem,
1383 760 1450 802 sed

316 826 553 880 plerumque
605 827 715 869 illam
769 829 909 870 habitu
951 830 1130 884 politico
1173 830 1317 870 induit.
1401 829 1450 872 In

294 896 647 950 *praestantisfimo
675 898 749 940 illo
774 899 897 941 loco:
929 913 1012 941 non
1034 900 1112 941 alia
1138 911 1199 942 est
1226 899 1294 942 lex
1320 898 1450 942 Athe·

315 969 408 1017 nis,
439 970 521 1008 non
550 968 627 1009 alia
655 968 813 1010 Romae
830 1000 850 1019 ‚7
874 983 956 1011 non
982 971 1064 1011 alia
1089 983 1224 1020 nunc,
1268 982 1351 1011 non
1371 964 1450 1012 alia

314 1037 515 1091 posthac,
560 1037 676 1080 illum
716 1040 834 1081 etiam
867 1042 1050 1084 habitum
1089 1041 1162 1082 fibi
1189 1038 1473 1095 proposuisse'

295 1106 500 1155 -videtur.·,
530 1119 662 1161 neque
689 1121 776 1150 eam
808 1121 937 1153 tamen
967 1111 1099 1166 legem
1127 1124 1148 1152 a
1177 1110 1269 1165 lege
1297 1107 1445 1152 morali

310 1174 445 1216 stricte
472 1176 579 1217 dicta
607 1179 816 1232 separavit.

369 1256 407 1298 5.
436 1244 709 1299 Jureconsulti
738 1248 915 1291 Romani
949 1251 1112 1306 lougius
1142 1249 1441 1304 processerunt.

270 1345 275 1350 .
310 1314 579 1370 Agnoverunt
595 1329 732 1360 verum
763 1319 965 1373 quoddam
996 1320 1240 1368 discrimen,
1273 1318 1338 1359 scd
1360 1330 1444 1359 non

312 1386 417 1426 inter
440 1398 515 1435 ea,
561 1401 663 1441 quae
705 1388 794 1430 sunt
824 1402 874 1431 ex
903 1390 996 1445 lege
1025 1387 1210 1431 Naturali
1235 1387 1441 1442 juridica,

312 1467 355 1495 et
383 1469 429 1496 ea
457 1469 559 1509 quae
592 1470 642 1497 ex
681 1459 816 1500 officio
854 1460 1092 1513 promanant
1132 1457 1342 1507 facienda,
1375 1458 1441 1498 sed

289 1526 413 1571 ,inter
446 1525 518 1580 Jus
559 1528 671 1580 quod
714 1527 825 1583 leges
867 1529 1040 1569 civitatis
1081 1527 1358 1582 praescribunt
1399 1539 1441 1567 et

289 1595 374 1651 jd,
407 1596 519 1651 quod
545 1593 762 1640 honestum
793 1609 867 1640 est.

365 1664 419 1705 II.
451 1663 571 1706 Licet
601 1667 733 1719 itaque
761 1669 959 1723 progressi
981 1668 1239 1721 fintantiqui,
1268 1679 1350 1706 non
1381 1678 1437 1707 ta-

307 1747 398 1775 men
429 1735 495 1786 id,
528 1735 636 1787 quod
666 1749 858 1789 quaerere
891 1736 1220 1786 instituebamus‚
1251 1736 1436 1790 perfece-

305 1816 412 1846 runt.
444 1821 487 1829 *-
519 1804 637 1846 Varia
667 1807 829 1859 quidem
861 1820 1076 1861 praecepta
1105 1808 1170 1848 hie
1198 1806 1287 1847 *illic
1327 1806 1434 1859 spar-

307 1875 345 1916 sa
386 1875 590 1929 videmus,
634 1878 739 1917 varia
791 1879 910 1918 etiam
966 1877 1195 1926 declarant,
1251 1874 1435 1929 philoso-

302 1946 410 1999 phos
465 1945 575 1986 hisce
615 1946 695 2000 jum
740 1947 990 2000 temporibus
1030 1947 1197 1988 meliora
1241 1936 1435 1998 quaedam

306 2014 591 2070 praesagiisse‚
652 2015 718 2056 sed
772 2017 1010 2070 imperfecta
1055 2016 1125 2057 illa
1173 2016 1432 2069 reliquerunt.
1480 2032 1483 2035 ·

305 2082 437 2124 Nullo
477 2084 734 2137 systematico
777 2087 918 2127 ordine
958 2099 1033 2127 nec
1073 2085 1430 2140 Jurisprudentiam

302 2154 550 2204 naturalem,
595 2167 670 2195 nec
699 2154 891 2198 Ethicam
923 2156 1166 2200 tradiderunt
1193 2154 1430 2209 philosophi

300 2223 363 2265 illi
415 2225 600 2278 antiqui5,
645 2237 694 2265 ne
739 2225 865 2267 ullum
905 2225 1065 2279 quidem
1103 2237 1152 2265 ex
1193 2226 1430 2279 antiquitate

1367 2293 1430 2335 su-
