1519 2729
549 168 773 226 (99)

111 303 346 355 cenderint‚
378 305 587 349 ischuriam
617 308 918 362 produxerunt,
962 311 1074 364 quod
1101 313 1220 354 etiam

109 373 216 415 valet
246 375 293 415 de
323 375 540 431 Strongyle
566 379 756 432 gigante.

168 443 212 484 In
255 440 397 484 ovariis
436 448 461 488 fi
505 446 672 496 adsunt,
717 448 786 489 illa
811 449 1048 504 plerumque
1075 451 1124 492 ad
1149 451 1223 492 im-

109 512 281 553 mensam
311 513 614 567 amplitudinem
642 518 874 559 extendunt.
933 519 980 560 In
1006 533 1122 562 utero
1138 529 1220 561 n‘on

106 583 273 636 gravido
307 584 554 637 graviditatis
590 585 696 639 figna
747 597 789 627 et
837 587 966 629 sensus
1018 590 1221 643 produxe-

105 663 197 692 runt
226 649 319 706 (1).

161 720 322 761 Deinde
346 736 508 777 quoque
536 724 576 764 in
607 724 812 768 ulceribus
841 729 1016 769 externis
1056 727 1117 769 illi
1161 731 1220 770 in-

103 791 212 830 venti
253 789 366 841 sunt,
414 792 508 843 sed,
554 806 602 834 an
634 796 732 836 haec
767 795 902 837 ulcera
934 796 1219 841 Entozoorum

104 859 248 899 horum
279 861 475 915 originem
503 864 675 907 fistunt?
706 876 773 906 aut
798 867 887 906 vice
914 868 1059 909 versa?
1101 869 1219 911 Prior

104 929 294 969 sententia
322 931 580 982 probabilior
606 935 791 984 veditur,
836 949 958 989 quare
989 937 1087 981 haec
1114 940 1218 981 inter

104 998 368 1053 symptomata
394 1013 477 1042 non
506 1002 594 1045 sunt
620 1005 895 1046 enumeranda.

146 1135 210 1182 (ι)
233 1137 308 1172 Vid.
336 1137 357 1171 d
373 1135 391 1172 e
418 1140 535 1173 Olfe
552 1150 622 1182 rs,
646 1141 669 1176 l.
691 1151 721 1176 c.
747 1141 848 1176 Partis
874 1152 904 1176 1.
929 1152 1002 1186 pag.
1028 1145 1085 1179 28.
1129 1144 1218 1178 Ante

101 1193 233 1236 aliquod
270 1203 399 1238 tempus
433 1196 572 1230 cadaver
599 1198 776 1232 femineum
814 1200 1008 1241 perscrutari
1031 1199 1109 1233 mihi
1137 1210 1219 1234 con-

102 1249 200 1291 tigit,
223 1249 291 1284 scil.
313 1252 410 1293 paulo
425 1261 500 1294 post
528 1253 773 1295 graviditatem‚
796 1264 879 1298 quae
907 1264 944 1288 ut
973 1264 1007 1289 et
1020 1265 1130 1299 partus
1162 1267 1220 1305 ref

99 1305 258 1347 gulariter
281 1307 421 1342 absoluta
443 1317 537 1349 erat,
561 1310 657 1345 febre
681 1313 768 1345 lenta
784 1321 846 1355 per
859 1312 984 1356 aliquot
997 1311 1215 1348 hebdamades

99 1361 259 1396 decubuit
269 1372 364 1405 aegra
379 1389 389 1404 ‚
412 1365 582 1399 doloribus
602 1366 891 1403 vehementissimis
914 1369 946 1402 in
968 1368 1139 1403 abdomine
1154 1381 1217 1405 ve·
1254 1374 1267 1381 ⁸

101 1426 201 1459 κατα,
224 1421 282 1461 qui
308 1420 474 1462 paululum
501 1430 574 1456 ante
597 1428 737 1457 mortem
767 1425 944 1458 cessabant.
998 1426 1128 1469 Aperto
1161 1437 1217 1460 ca·

98 1474 230 1508 daveris
269 1475 440 1510 abdomine
457 1501 468 1518 ‚
506 1479 774 1523 elegantisfimum
813 1481 1011 1515 cernebatur
1045 1482 1218 1525 spectacu-

101 1532 193 1564 lum:
216 1541 281 1564 non
303 1533 403 1567 solum
428 1534 514 1567 nulla
531 1545 604 1578 pars
630 1537 729 1570 totius
758 1538 904 1571 cavitatis
924 1538 996 1571 fere
1025 1549 1089 1572 non
1119 1549 1216 1582 erae,

67 1604 68 1607 =
101 1596 185 1630 quae
227 1597 292 1620 non
329 1587 536 1624 Echinococcis
571 1592 717 1627 humanis
754 1593 818 1626 fuit
847 1593 947 1627 obfita
977 1594 1152 1636 majoribus
1181 1605 1216 1630 et

98 1642 280 1676 minoribus
305 1653 380 1677 cum
403 1646 520 1679 ovariis
538 1649 736 1683 Testitudinis
765 1649 890 1683 Indicae
911 1657 1092 1692 utcumque
1120 1661 1213 1685 com-

97 1698 262 1742 parandis,
287 1710 402 1734 verum
433 1703 528 1735 etiam
554 1705 680 1738 viscera
705 1705 842 1748 plurima
866 1704 980 1741 eadem
1009 1709 1134 1743 ratione
1158 1708 1208 1742 his

99 1764 188 1790 erant
213 1756 367 1799 obtecta,
401 1757 555 1801 imprimis
583 1770 691 1796 autem
715 1762 835 1797 ovatia.

611 2252 651 2294 G
683 2266 707 2294 2
870 2274 874 2280 -
1109 2253 1203 2295 CA-
