1519 2729
597 166 790 224 (9)

142 306 210 363 pia
238 307 399 350 oriundi
441 313 482 347 et
522 306 870 362 consanguinitate
911 305 1044 347 affines
1074 303 1277 358 quondam

144 403 284 442 erant,
318 403 400 433 tum
427 391 547 431 etiam
577 391 785 431 communi
819 389 1004 430 sermone
1038 387 1282 435 utebantur,

145 487 228 516 non
254 474 324 515 nifi
355 473 516 514 dialecti
546 473 771 515 diversitate
816 471 1028 522 distincto,
1073 471 1143 524 qui
1171 469 1283 509 deni—

148 570 226 610 que
256 568 415 598 naturae
443 558 660 610 propiores
688 555 892 604 mansere,
932 568 1052 608 quam
1091 551 1283 606 permulti

148 641 245 692 isti,
290 642 361 694 qui
400 640 581 694 ejusdem
609 639 772 692 quidem
798 640 975 679 nominis
1004 636 1131 691 vulgo
1161 635 1286 689 parti-

150 724 262 777 cipes
301 723 417 775 sunt3
465 722 532 764 sed
557 722 682 778 longe
710 722 828 764 aliam
860 734 900 762 et
927 721 1106 776 linguam
1137 718 1289 760 habent

148 817 192 847 et
224 808 437 862 originem.
499 806 762 862 Quamquam
805 806 946 846 iisdem
989 815 1155 857 quoque
1205 799 1289 840 illis

150 891 295 930 nativis
326 889 607 930 Orientalibus
649 903 671 929 a
712 888 821 930 coeli
852 888 908 929 sui
939 886 1083 927 ardore
1121 883 1292 925 affectu-

151 985 301 1025 umque
331 971 588 1012 vehementia
616 970 802 1011 nonnihil
824 971 1022 1018 accessit,
1052 967 1167 1022 quod
1194 978 1291 1006 nos-

154 1065 219 1095 tro
245 1054 403 1108 judicio
433 1055 692 1109 peregrinum
725 1067 772 1094 ac
815 1065 942 1107 paene
976 1051 1191 1093 barbarum
1231 1049 1293 1090 fit.

155 1136 222 1179 Ex
257 1139 305 1178 iis
335 1149 468 1178 autem
489 1137 592 1178 nulli
628 1137 716 1178 sunt
754 1135 1034 1189 contemplatu
1055 1134 1262 1188 digniores
1280 1161 1294 1181 ‚

157 1233 278 1274 quam
316 1219 472 1261 Arabes
507 1232 546 1260 et
576 1219 781 1260 Hebraei:
821 1230 997 1272 quorum
1030 1216 1090 1258 illi
1128 1215 1294 1269 quidem

158 1305 347 1358 antiquos
373 1304 578 1356 hodieque
607 1314 769 1344 teneant
803 1313 953 1342 tractus
971 1330 983 1350 ,
1026 1312 1131 1352 quos
1156 1298 1205 1338 ab
1235 1296 1298 1337 ul·

158 1389 258 1428 tima
282 1399 409 1440 usque
435 1397 689 1439 occuparunt
719 1385 929 1426 hominum
955 1383 1180 1441 memoria,
1207 1379 1300 1421 fibi-

159 1483 239 1524 que
271 1481 472 1523 perpetuo
499 1468 689 1511 simillimi
720 1469 819 1517 (int,
864 1466 907 1507 hi
935 1478 1034 1506 vero
1065 1463 1129 1505 vel
1173 1462 1298 1504 solius

161 1554 354 1594 historiae
387 1554 517 1594 sacrae
547 1551 682 1593 caussa
708 1550 860 1592 attendi
891 1560 1133 1590 mereantur.

219 1637 378 1677 Arabes
406 1637 528 1691 igitur
549 1648 646 1677 cum
667 1634 764 1675 dico
794 1633 962 1674 honoris
992 1631 1122 1672 studio
1145 1641 1302 1670 memo-

163 1720 312 1773 rabiles
331 1750 344 1769 ,
376 1719 512 1760 videre
540 1719 639 1759 mihi
677 1718 820 1759 videor
846 1714 1070 1758 nonnullos
1098 1725 1300 1769 vestrum²

164 1803 217 1844 A.
249 1805 300 1844 A,
331 1805 400 1856 qui
429 1803 478 1843 ad
505 1815 646 1843 eorum
688 1811 840 1842 nomen
881 1797 1098 1853 supercilia
1139 1807 1303 1837 contra-

158 1872 297 1935 liunt,
340 1897 382 1926 et
425 1887 622 1926 continuo
670 1884 742 1926 fibi
781 1881 1077 1936 repraesentant
1132 1880 1304 1933 infignes

165 1970 268 2010 istos
312 1968 379 2009 sua
415 1968 596 2008 barbarie
633 1967 841 2015 homines,
890 1966 959 2018 qni
990 1965 1031 2004 in
1057 1962 1306 2003 Mauritania

156 2052 364 2101 habitant.
439 2050 496 2091 At
531 2050 727 2091 mittimus
756 2049 860 2097 hos,
905 2048 977 2100 qui
1008 2058 1101 2087 cum
1129 2044 1303 2099 priscis,

92 2134 107 2141 ⁶
165 2148 272 2190 quos
303 2134 670 2189 fibi-subegerant,
702 2131 850 2173 incolis
891 2130 1108 2171 commixti
1148 2126 1308 2181 aliquid

169 2218 347 2261 ferociae
374 2217 426 2260 ab
457 2218 506 2259 iis
536 2216 706 2259 mutuati
735 2214 823 2258 sunt
852 2225 894 2256 et
922 2215 964 2256 in
985 2213 1094 2256 suam
1112 2194 1114 2197 ⁵
1134 2193 1307 2254 conver-

1242 2306 1304 2336 te·
