1519 2729
715 186 884 253 (124
942 198 969 253 )

282 333 442 384 demum
467 333 754 394 cognoscitur,
789 329 987 391 ‘quantum
1034 330 1056 377 e
1098 336 1168 377 suo
1206 339 1246 378 in
1272 336 1401 377 bene-¹

280 412 500 453 volentiam
527 421 620 463 erga
646 408 777 454 alios,
806 408 1038 462 impendere
1060 407 1186 456 velit,
1230 419 1270 447 et
1297 418 1401 461 erga·

281 492 433 534 quem,
477 480 624 532 quibus
661 488 889 531 temporum
927 478 1168 525 momentis,
1211 497 1254 507 —
1296 476 1403 517 haec·

281 549 452 604 quidemss
485 548 592 588 solus
633 547 718 600 ipse
768 547 894 587 homo
928 546 1190 587 determinare
1229 556 1397 598 potest,

280 631 364 660 non
389 631 488 660 vero
516 612 644 664 alius,
690 616 756 656 cui
783 615 1066 664 fundamenta,
1111 615 1258 668 quibus
1296 615 1400 655 haec

280 689 562 730 determinatio
589 684 771 737 illudque
796 684 993 736 judicium
1019 685 1264 733 innitantur,
1297 694 1400 739 cog-‘

278 761 450 799 noscere
479 755 611 796 d'atum
639 767 721 794 non
751 764 812 793 est
840 751 936 805 (1).
1266 750 1269 752 ’

307 821 309 823 ’
337 826 479 868 Homo
505 827 667 878 itaque,
707 825 745 864 in
789 823 885 863 statu
920 833 1082 863 naturae
1111 815 1285 878 degens,
1326 835 1399 876 per

278 897 506 938 coactionis
522 894 650 935 media
663 891 777 934 nullo
791 904 973 946 tempore
997 893 1046 932 ad
1072 892 1402 933 benevolentia-m·

277 958 543 1008 exercendam
584 976 678 1018 erga
715 962 818 1004 alios
859 963 953 1016 cogi
990 973 1138 1015 potest.
1215 961 1399 1002 Benevo-

277 1037 424 1078 lenciae
465 1035 640 1076 officium
678 1031 755 1073 tale
799 1027 888 1080 est,
929 1032 1039 1084 quod
1082 1027 1417 1085 uniuscujusque

277 1105 549 1147 conscientiae
580 1114 640 1143 est
666 1101 1001 1155 relinquendum3
1033 1101 1082 1142 de
1121 1102 1235 1156 cujus
1276 1102 1400 1154 igitur

275 1166 474 1216 exercitio
511 1172 576 1214 vel
612 1171 801 1226 neglectu
844 1173 994 1212 nemini
1021 1171 1195 1211 rationes
1235 1169 1400 1210 reddere

277 1255 449 1284 tenetur.
492 1241 647 1282 Contra
669 1237 766 1281 vero
794 1242 1068 1294 unusquisque
1083 1241 1264 1293 perfecte
1291 1239 1399 1281 obli·

276 1323 481 1368 gatus-est
521 1312 670 1352 nemini
711 1318 912 1357 nocere„
935 1317 976 1350 et
1013 1311 1248 1363 perfectum
1279 1310 1400 1350 habet

273 1383 339 1438 jus
364 1380 637 1434 impediendi,
668 1390 756 1434 quo
775 1381 904 1420 minus
925 1380 1025 1421 aIter
1048 1381 1120 1434 ipfi
1152 1391 1312 1421 noceat.

333 1450 401 1492 De
426 1450 678 1504 obligatione
701 1449 880 1502 perfecta
909 1462 931 1489 e
957 1449 1075 1491 factis
1103 1461 1144 1490 et
1179 1449 1400 1490 contracti-

277 1521 353 1561 bus
393 1521 447 1559 ita
483 1515 568 1560 ‘fere
611 1518 979 1559 Mendelides
1008 1517 1140 1572 ·(2):
1194 1519 1259 1572 jus
1298 1517 1399 1558 illud

277 1591 589 1641 imperfectum,
648 1588 759 1640 quod
803 1588 923 1628 habet
963 1587 1064 1629 alter
1110 1591 1149 1628 in
1193 1585 1396 1628 bonorum

278 1671 460 1700 meorum
512 1669 668 1712 partem
710 1671 788 1711 qua
836 1671 970 1700 carere
1022 1659 1216 1712 possum,
1271 1657 1394 1698 debet

1310 1739 1396 1767 mu-

304 1825 387 1874 (1)
411 1825 564 1871 Expiicat
591 1827 655 1861 hoc
680 1824 847 1871 chei·‚
871 1829 930 1862 loco
956 1828 1046 1862 laud.

325 1884 387 1930 (ε)
411 1886 452 1919 Μ
468 1895 486 1918 e
501 1896 520 1917 n
537 1884 556 1917 d
574 1894 591 1917 e
609 1884 677 1917 lid
695 1895 711 1917 e
728 1895 764 1925 s,
808 1886 828 1919 l.
870 1886 893 1919 l.
929 1895 964 1927 p.
997 1896 1065 1928 47-
1081 1894 1134 1927 55.
1182 1885 1268 1918 Hinc
1294 1874 1392 1926 igitur

281 1943 314 1976 H
329 1952 349 1975 u
365 1944 384 1977 f
393 1952 410 1975 e
426 1943 436 1974 l
450 1952 468 1974 a
481 1952 502 1974 n
516 1941 537 1974 d
552 1952 573 1974 u
589 1952 602 1973 s
637 1940 762 1985 (Uebsr
796 1943 854 1975 den
891 1941 1073 1983 Grumffixz
1107 1942 1157 1974 ,fles
1179 1939 1398 1975 Mum-reclus

280 2011 314 2042 p.
347 2009 420 2041 119.
451 1998 536 2041 apud
565 1997 795 2040 Sypkcns‚
829 1999 910 2032 Cris.
944 1998 1038 2041 HLJO‘.
1081 2009 1144 2030 vum
1174 2010 1205 2031 ι’.
1241 1995 1395 2037 Πέπλων,

281 2057 307 2090 1.
338 2053 436 2097 360.)
474 2062 588 2097 putat,
626 2054 666 2087 Μ
682 2063 699 2086 e
715 2063 735 2086 n
750 2053 771 2086 d
787 2064 804 2088 e
821 2055 830 2086 1
846 2055 855 2086 i
872 2054 892 2093 d
908 2064 926 2087 e
941 2065 972 2088 m
1006 2055 1086 2088 liam:
1134 2053 1325 2087 divrionem
1363 2054 1395 2086 in

281 2111 433 2153 perfecta
461 2109 566 2142 officia
602 2119 701 2153 atque
736 2111 931 2154 imperfecta
958 2110 1183 2153 excogitasse,
1214 2118 1250 2142 ut
1283 2109 1394 2142 funda-

281 2175 427 2200 mentum
453 2174 550 2207 atque,
579 2166 738 2208 originem
754 2166 834 2210 jutis
862 2168 1041 2201 coactionis
1063 2177 1080 2200 e
1104 2174 1300 2208 contractu,
1337 2166 1392 2200 vel

281 2230 381 2265 pacto
402 2220 646 2258 demonstraret.
