1519 2729
565 180 791 238 (29)

116 309 247 352 iuneti
262 312 419 363 essent,
443 312 675 363 „immobilis
689 320 772 362 fere
799 323 901 363 esset
927 335 1091 378 manu82,
1124 330 1230 371 flau-

117 390 197 420 tem
214 393 296 422 uno
320 394 474 426 tantum·
486 387 573 428 osse
604 393 878 433 contineretur
894 395 1101 438 brachium
1128 400 1230 439 infe-

114 450 222 500 rius,
265 457 578 507 quaquaversum
608 458 713 501 haud
737 461 857 502 facile
881 467 1033 505 moveri
1061 469 1229 520 possem,

111 518 177 558 vel
219 520 245 561 fi
275 521 446 576 denique
474 526 555 568 hoc
587 528 794 572 brachium
836 523 1031 587 fingainus
1069 536 1230 580 duobus

109 599 161 628 ex
181 588 343 632 ,osfibus
370 598 666 648 compofitum‚
698 601 848 643 nullam
874 605 1106 658 excogitare
1131 621 1229 660 pos·

111 655 240 698 semus
279 663 502 715 rationem,
545 667 609 708 vel
652 669 757 721 hac,
802 685 905 725 quae
945 685 1051 716 nunc
1086 677 1228 720 locum

109 726 295 775 obtinet,
341 731 566 776 faciliorem
584 766 597 785 ,
656 740 719 780 vel
765 743 883 783 etiam
922 745 1079 798 aequali
1134 760 1225 789 mo-

107 805 170 836 tus
198 796 392 841 facilitate
420 808 799 851 commendabilem.

163 864 220 906 Et
257 870 372 911 valde
402 874 594 925 profecto
623 878 739 919 huius
775 880 980 925 facilitatis
1008 889 1135 928 nostri
1167 890 1227 929 in-

105 945 254 984 terest,
286 950 374 981 nam
404 944 430 983 fi
459 945 522 984 vel
559 948 722 988 minima
752 951 984 995 difficultate
1025 955 1226 998 laboraret

102 1015 236 1044 motus
265 1019 452 1052 manuum
482 1015 700 1057 nostrarum
718 1047 730 1066 ‚
769 1020 841 1060 hae
870 1022 1064 1065 utilitates
1093 1026 1224 1069 multo

99 1074 277 1115 minores
292 1080 414 1120 nobis
427 1083 681 1134 praestarent.
714 1087 774 1129 Ita
810 1102 860 1131 ex
876 1091 1036 1135 diverfis
1062 1097 1222 1147 modis,

101 1145 170 1196 qui
185 1143 324 1187 locum
354 1149 538 1194 obtinere
551 1155 742 1208 possent,
770 1171 861 1201 eum
889 1175 1009 1214 quem
1039 1168 1222 1221 cogitare

96 1215 310 1267 possumus
354 1223 554 1273 optimum
573 1255 585 1274 ,
621 1226 796 1269 electum
827 1231 1040 1284 videmus;
1071 1237 1140 1289 qui
1168 1239 1223 1279 fic

100 1284 243 1340 eligit,
287 1291 441 1331 ratione
482 1302 521 1334 et
561 1297 730 1338 confilio
773 1299 854 1340 hoc
900 1301 1033 1343 facere
1089 1306 1217 1348 solet:

96 1357 165 1408 qui
193 1368 324 1398 autem
355 1363 555 1414 optimum
584 1365 700 1421 eligit
725 1369 998 1412 adiumentum
1027 1374 1077 1416 ad
1113 1378 1222 1430 opti-

94 1438 204 1466 mum
245 1426 364 1470 finem
407 1431 724 1487 assequendum,
763 1451 857 1480 vere
896 1441 1051 1495 sapiens
1078 1445 1217 1488 dicen·

94 1495 167 1538 dus
192 1507 265 1537 est.
309 1531 313 1533 μ
958 1528 959 1531 ’

100 1578 109 1581 ·
151 1564 408 1612 observanda
429 1583 491 1613 est
516 1587 643 1627 porro
671 1581 954 1623 convenientia
994 1584 1064 1627 illa
1095 1599 1218 1641 atque

94 1635 260 1676 varietas
277 1666 290 1685 ‚
321 1652 451 1692 quae,
480 1656 573 1686 cum
601 1648 641 1687 in
669 1660 833 1691 externa
848 1665 1036 1695 manuum
1053 1657 1184 1698 forma
1201 1688 1216 1708 ‚

96 1712 179 1746 tum
196 1706 314 1746 etiam
341 1708 381 1747 in
410 1721 543 1753 earum
573 1715 793 1770 structura,
821 1724 1009 1764 cernitur.
1041 1741 1077 1749 ·-
1105 1725 1215 1768 Nam

93 1772 211 1826 plane
252 1786 416 1830 utraque
460 1794 598 1826 manus
640 1788 713 1830 fibi
747 1792 922 1833 invicem
956 1802 1017 1836 es't
1048 1797 1214 1847 fimilis‚

92 1843 342 1888 ambaeuno
370 1850 552 1904 pollice,
583 1856 713 1912 digito
744 1862 974 1905 minusculo
1002 1879 1084 1907 uno
1101 1874 1120 1917 ,'
1146 1869 1216 1908 tri-

92 1913 166 1954 bus
195 1914 361 1969 digitis,
394 1919 481 1962 sunt
511 1927 740 1979 praeditae;
785 1932 825 1971 in
866 1935 1060 1976 ambabus
1090 1940 1216 1978 mani-

90 1982 166 2023 bus
193 1997 328 2026 autem
358 1990 532 2041 pollices
574 1995 759 2048 duobus,
791 2001 906 2057 digiti
937 2006 1064 2048 tribus
1107 2019 1214 2049 artu-

88 2052 164 2093 bus
220 2057 422 2109 mobiles,
479 2075 618 2105 omnes
662 2071 863 2124 unguibus
902 2077 1060 2129 >muniti
1107 2077 1211 2122 sunt.

87 2120 218 2164 Cuius
243 2127 405 2178 quidem
435 2131 653 2180 structurae
696 2140 891 2184 utilitates
925 2145 1101 2187 indicare
1142 2161 1212 2190 nc-
1242 2168 1245 2169 ⁷

86 2190 147 2234 fas
189 2193 275 2235 esse
312 2198 496 2255 videtur,
544 2209 637 2261 quia
674 2209 716 2250 in
753 2214 863 2254 omni
893 2218 1063 2270 negotio
1090 2217 1213 2260 facile

1139 2303 1209 2343 pa-
