1519 2729
582 133 806 189 (87)

133 270 223 313 dem
246 272 359 325 ,quafi
383 283 515 326 partes
531 271 810 327 distinguitur,
840 272 896 312 ita
923 281 965 311 et
982 281 1121 312 natura
1146 271 1245 322 illa,-

133 344 316 395 quamvis
359 355 435 383 una
465 354 505 383 et
547 343 1036 394 concretionis,expers‚
1074 354 1154 395 pro
1181 354 1248 382 va·

134 413 206 452 riis
238 413 323 452 eius
350 412 610 461 actionibus,
657 423 828 466 propter
867 411 1060 451 humanae
1102 413 1249 452 mentis

131 480 482 531 imbecillitatem,
539 482 700 524 diversis
755 493 796 522 et
860 483 979 526 variis
1044 481 1250 523 attributis

129 550 309 603 praedita
349 550 510 592 dicitur.
1173 597 1178 599 .

186 620 270 660 Iam
297 621 402 662 Cic
420 633 475 661 er
493 634 547 671 o,
579 622 620 662 in
648 621 929 663 consideranda
957 621 1145 664 Deorum
1175 635 1252 668 ‚na-

131 702 241 740 tura,
280 690 383 731 nihil
424 691 509 731 esse
550 692 753 733 difficilius
791 693 919 742 dixit,
953 691 1034 747 (2)
1065 706 1184 746 quam
1228 707 1252 735 a

129 760 418 802 consuetudine
464 759 678 802 oculorum
718 763 847 804 aciem
887 765 1032 803 mentis
1070 764 1248 806 abduce-

127 843 197 871 re:
242 830 354 884 quod
394 831 577 883 quamvis
614 831 739 883 paulo
768 832 952 874 acerbius
992 833 1144 874 dictum
1179 834 1248 883 fit,

126 912 204 953 pro
259 899 402 939 nostris
454 899 696 940 clarioribus
732 902 782 941 de
834 902 967 944 divina
1004 914 1142 945 natura
1175 916 1249 945 no·

128 970 335 1018 tionibus,
381 968 497 1008 restat
551 980 682 1010 tamen
726 971 881 1023 semper
935 972 1248 1025 anthropomor-

125 1039 337 1093 phismus‚
380 1051 402 1079 a
432 1051 516 1092 quo
545 1051 622 1079 nos
652 1040 838 1082 homines
867 1040 1063 1085 abstinere
1098 1054 1249 1096 nequa:

127 1122 245 1163 quam
276 1109 501 1162 possumus,
541 1107 621 1163 (3)

182 1180 424 1220 Infinitatcm
479 1179 574 1221 Deo
631 1180 932 1232 adscribentes,
978 1182 1018 1221 in
1050 1183 1245 1235 omnipo·

132 1252 284 1300 tentia,
330 1262 374 1291 ut
401 1251 481 1291 hoc
513 1262 629 1297 utar,
662 1250 994 1301 demonstranda,
1026 1252 1106 1292 hoc
1133 1252 1250 1294 volu-

127 1333 241 1368 mus,
287 1322 392 1361 vires
429 1320 525 1362 Deo
563 1319 716 1368 inesse,
761 1320 877 1374 supra
913 1332 1037 1374 quam·
1073 1324 1247 1377 cogitari

125 1391 278 1447 possit,
311 1392 480 1432 maiores
511 1390 690 1439 viribus,
722 1403 848 1443 quas,
874 1391 940 1432 vel
967 1392 1239 1439 invnobismet

126 1462 247 1514 ipfis,
290 1461 354 1500 vel
389 1462 428 1500 in
465 1460 542 1500 alia
583 1473 824 1514 quacunque
857 1463 1020 1511 naturai,
1064 1463 1242 1515 pereipi-

127 1544 240 1580 mus,
286 1528 372 1588 (4)
405 1530 574 1571 ulterius
616 1532 722 1572 enim
763 1530 878 1572 nobis
919 1533 1112 1588 progredi
1158 1544 1241 1574 non

129 1601 245 1643 licet.

134 1709 138 1713 .
182 1670 375 1723 Divinam
406 1671 528 1725 igitur
549 1681 729 1711 naturam
758 1683 842 1711 non
863 1671 1093 1727 dogmatica
1119 1674 1247 1713 rario-

127 1753 177 1781 ne
219 1741 452 1790 efficiemus,
487 1742 624 1795 prouti
662 1752 723 1782 est
765 1742 810 1784 in
830 1740 911 1797 sb,
951 1741 1019 1784 sed
1061 1756 1113 1784 eo
1156 1756 1245 1784 mo·

1154 1813 1211 1855 do
1225 1841 1247 1864 ‚,‹

172 1933 237 1981 (ι)
259 1919 558 1979 Wyttenbach
575 1962 585 1977 ,
608 1939 692 1972 Prol.
717 1939 748 1972 in
770 1937 967 1973 Phaedonem
981 1964 993 1975 .
1015 1950 1050 1983 p.
1064 1939 1121 1983 46.
1146 1964 1148 1966 -

169 1991 235 2038 (2)
259 1993 311 2026 D'e
333 2001 403 2028 καί.
428 1990 525 2027 Dbor.
550 1994 592 2028 II.
620 2004 671 2038 ¹7·
865 2001 868 2003 ’
1146 1997 1150 1999 ’

170 2046 235 2092 (3)
262 2049 291 2082 H
309 2058 500 2089 ennerr,
525 2049 633 2092 Lessbn
649 2076 658 2090 ‚
685 2052 728 2085 D.
754 2052 816 2087 111.
839 2051 884 2086 bl.
908 2061 985 2095 309.
1009 2052 1086 2095 318.
1126 2052 1158 2086 H
1174 2061 1245 2094 ey-

127 2103 148 2137 d
164 2114 182 2137 e
197 2114 218 2137 n
234 2114 250 2137 r
267 2114 285 2138 e
304 2106 312 2138 i
329 2115 346 2138 c
363 2106 382 2138 h
399 2131 409 2146 ,
435 2107 565 2142 T11.11.
587 2108 672 2141 betr.
700 2119 754 2152 24.

171 2158 234 2205 (4)
260 2162 438 2214 Palcy,
463 2172 486 2198 t.
510 2165 697 2209 a.p.565.
