1519 2729
672 166 735 227 .(
794 181 878 223 254
933 168 959 222 )

278 332 296 355 ⁹
348 330 727 393 'SEC'TIO
787 351 1265 397 SECUNDA.

323 549 513 579 COACTlo
543 551 635 579 NON
667 552 742 581 EST
773 553 1016 582 CRITERIUM
1058 553 1321 583 OFFICIORUM

419 621 734 651 PERFECTORUM
763 614 818 651 ET
850 623 1236 652 IMPERFECTORUM-

262 891 328 974 In
384 934 605 989 Sectionc‚
664 947 783 988 quam
826 934 951 976 modo
1004 935 1266 984 tradidimus,
1311 948 1394 983 ex-„i

262 1005 436 1055 positum
485 1018 573 1057 est,
619 1017 813 1058 quatenus
865 1007 905 1045 in
954 1006 1126 1060 justitiae
1177 1005 1395 1046 definitio--

263 1087 313 1113 ne
353 1075 508 1116 admitti
551 1062 670 1129 Queat
706 1076 862 1133 mentio
905 1076 1130 1125 officiorum
1174 1072 1383 1129 perfecto-

263 1158 365 1185 rum.
430 1145 496 1186 Nc
523 1157 655 1185 autem
683 1138 889 1186 videamur
929 1136 1234 1186 commiscuisse
1271 1145 1379 1186 obli-

262 1217 468 1268 gationem
511 1215 725 1268 juridicam
761 1228 852 1255 cum
897 1216 1031 1257 officio
1070 1215 1287 1268 perfecto,
1333 1227 1381 1256 ea

262 1284 397 1325 secum
443 1286 616 1326 invicem
658 1285 927 1338 comparanda
967 1280 1182 1334 videntur,
1230 1296 1274 1326 ut
1317 1287 1378 1325 in-

263 1355 313 1394 de
338 1367 501 1408 pateat,
533 1356 774 1409 quomodo,
806 1355 904 1396 lieet
932 1356 1112 1397 videatur
1149 1354 1270 1409 'quam
1297 1368 1378 1396 ma-

261 1427 396 1475 xime,
439 1438 521 1465 non
552 1437 682 1465 tamen
711 1427 874 1467 coactio
902 1427 1097 1479 praebeat
1116 1427 1268 1480 justum
1299 1414 1380 1466 dis-

260 1498 443 1545 crimen,
503 1509 586 1548 quo
639 1495 821 1548 perfecta
864 1495 996 1536 officia
1036 1495 1086 1536 ab
1130 1495 1388 1548 imperfectis-

262 1567 564 1620 dignoscantur.
595 1563 810 1614 Diximus,
839 1566 881 1605 in
905 1566 1132 1607 officiorum
1147 1564 1379 1620 catalogum

262 1636 408 1675 merito
435 1636 576 1676 referri
606 1635 903 1691 obligationem
931 1636 1162 1690 juridicam.
1221 1635 1378 1674 Caven-

268 1702 363 1742 dum
402 1715 499 1742 vcro
546 1716 666 1755 quam
712 1705 913 1753 maxime,
961 1717 1012 1744 ne
1056 1703 1377 1751 confundanturg

261 1784 350 1812 nam
368 1802 381 1820 ‚
427 1785 519 1813 cum
550 1772 681 1814 officia
709 1773 892 1826 perfecta
913 1774 992 1827 juri
1025 1773 1190 1814 alterius
1214 1773 1379 1827 respon-

263 1842 356 1882 dere
384 1843 568 1893 videres,
608 1843 783 1895 ideoque
823 1847 864 1884 vi
906 1843 1024 1896 posse
1063 1846 1169 1898 exigi
1186 1839 1205 1893 .·,’
1250 1843 1381 1884 officia

263 1925 360 1952 vero
400 1914 665 1966 imperfecta,
711 1914 781 1955 niss
821 1914 966 1966 aliquis
1003 1914 1051 1953 ad
1082 1925 1124 1953 ea
1154 1912 1382 1967 praestanda

264 1982 344 2022 sese
374 1982 644 2039 'obIIgaverit‚
678 1997 770 2024 cum
795 1997 841 2024 ea
872 1997 943 2037 per
969 1985 1052 2024 vim
1068 1985 1230 2023 minime
1261 1982 1380 2036 posse

262 2056 399 2104 expeti
446 2050 820 2106 &eprehendereffi
878 2053 1205 2095 concludendum
1259 2052 1380 2094 facile

264 2123 495 2171 videretur,
543 2125 799 2166 coactionem
843 2137 885 2166 re
921 2136 1014 2165 vera
1054 2124 1137 2165 esse
1178 2124 1379 2164 criterium

264 2191 491 2232 habendum
522 2194 627 2233 iuter
654 2195 786 2237 officia
813 2193 1001 2253 perfecta
1029 2203 1069 2232 ct
1101 2191 1351 2246 imperfecta.

1295 2261 1382 2314 §1-
