1519 2729
559 199 588 256 <
649 212 725 255 123
784 194 812 251 )

124 341 243 384 facile·
281 351 474 394 apparet,
518 338 620 380 hanc
669 335 924 391 perversam,
968 346 1087 388 quam
1129 332 1235 387 legis·

103 411 327 458 *vocabulo
379 410 614 451 addiderunt
658 406 1014 463 significationem,
1073 415 1237 444 omnem

123 495 264 523 corum
291 493 468 521 errorem
496 479 709 533 perspicue
740 476 965 518 ostendere.

181 550 336 606 Quodsi
391 562 488 590 vero
541 549 639 590 haec
692 547 1084 602 praetermittamus,
1126 542 1238 584 nulla

126 633 256 662 tamen
285 620 382 661 fines
410 620 581 674 negandi
610 619 736 660 aderit
766 616 880 658 causa
906 616 1064 657 idonea.
1129 612 1238 655 Nam

124 689 333 730 hominem
370 689 435 730 vel
473 687 617 729 animal
656 687 891 729 mechanice
923 686 1157 741 organicum
1187 695 1240 723 ex

125 760 227 801 limo
253 759 444 813 prodire,
490 771 559 799 aut
602 760 738 800 sensim
770 757 1042 811 paulatimque
1074 765 1238 808 procre5

127 830 233 871 ando
276 831 331 869 ita
362 829 621 883 degenerasse
658 827 873 878 animalia,
916 837 961 868 ut
1004 839 1055 866 ex
1084 824 1239 865 infecto

126 901 191 940 vel
231 898 392 940 animali
420 899 619 940 infusorio
648 899 774 939 homo
803 899 982 946 oriatur,
1027 908 1102 936 nec
1132 895 1240 947 quis-

129 982 248 1023 quam
275 969 356 1010 ulla
396 970 551 1009 ratione
590 967 836 1009 contendere
882 967 1065 1021 poterit,
1109 975 1243 1017 neque

130 1040 379 1093 experientia
407 1050 582 1092 unquam
613 1037 862 1092 probaverit.
897 1034 978 1088 (1)

150 1109 271 1152 >Alii
317 1108 417 1149 olim
462 1110 503 1148 in
555 1120 606 1149 eo
662 1107 919 1154 laborarunt,
970 1116 1014 1145 ut
1057 1104 1244 1159 corporis

129 1180 311 1222 membra
352 1192 576 1232 eorumque
615 1178 787 1219 formam
828 1189 878 1216 ex
904 1173 1138 1216 necessariis
1175 1186 1245 1215 na·

133 1263 243 1292 turae
285 1250 445 1305 legibus
489 1249 770 1303 explicarentg,
814 1245 882 1288 secl
921 1245 1077 1286 infelici
1106 1244 1245 1286 admo·

131 1321 224 1362 dum
253 1319 451 1362 successu.
484 1316 566 1371 (2)

172 1389 416 1437 'Fidenter‚
448 1388 523 1429 hac
554 1389 594 1429 in
621 1388 763 1437 causa,
790 1398 1017 1440 provocare
1043 1385 1174 1426 audeo
1199 1383 1249 1425 ad

131 1473 203 1509 ea,
232 1471 334 1513 quae
364 1458 410 1499 P.
435 1457 468 1499 Ι.
500 1458 609 1499 Sect.
635 1457 667 1498 I.
697 1458 737 1510 ἕ.
764 1458 858 1498 VII.
883 1457 932 1498 de
962 1458 1134 1498 circuitu
1164 1455 1249 1495 san-

132 1531 265 1585 guinis
293 1529 494 1578 dimum,
535 1540 667 1582 neque
696 1540 885 1581 umquam
914 1528 1117 1581 aliquem,
1146 1526 1248 1566 hanc

132 1599 365 1640 structuram
396 1612 446 1640 ex
474 1599 634 1653 legibus
663 1609 826 1639 naturae
853 1599 1052 1653 originem
1068 1594 1249 1643 duxisse,

134 1669 413 1710 affirmaturum
431 1669 513 1709 esse
539 1681 668 1722 puto:
700 1670 865 1709 arteriae
893 1670 1022 1718 enim,
1050 1679 1152 1721 quae
1179 1678 1252 1719 per

136 1749 266 1779 totum
297 1752 446 1793 corpus
473 1739 704 1794 sanguinem
729 1738 906 1789 vehunt,
939 1751 1031 1780 cum
1061 1751 1111 1778 ex
1138 1747 1251 1776 natu-

135 1807 208 1849 rali
237 1821 367 1849 rerum
396 1809 633 1850 conditione
661 1821 772 1851 recta
804 1809 1074 1863 procederent
1115 1807 1250 1855 linea,

135 1880 177 1920 in
221 1891 339 1920 venas
379 1890 626 1920 transcuntes
668 1881 1028 1936 retrogrediuntur.
1100 1876 1252 1919 Valvae

1183 1959 1254 1988 ve-

180 2062 244 2109 (1)
269 2064 531 2105 Clarisse,
563 2064 606 2098 V.
648 2065 702 2099 Cl.
730 2065 915 2099 Amat-ad
936 2063 1106 2107 Paleyum,
1140 2073 1175 2107 p.
1202 2070 1254 2104 13.

135 2120 431 2162 Reimarus,
454 2122 500 2155 bl.
533 2123 706 2157 106.108.

181 2175 243 2220 (ε)
268 2177 314 2211 R.
339 2178 368 2211 C
383 2188 403 2211 u
419 2176 440 2210 d
457 2188 488 2211 w
504 2188 524 2211 ο
540 2187 556 2210 r
572 2187 584 2211 t
598 2178 618 2211 h
634 2203 646 2219 ,
669 2180 809 2222 Systema
835 2177 1046 2222 intpllectuale
1068 2175 1161 2211 huius
1180 2177 1253 2210 um·—

138 2234 239 2278 vetst,
261 2234 354 2269 Tom.
389 2233 436 2268 ΙΙ.
461 2243 497 2276 p.
523 2243 598 2277 114.
