1519 2729
575 192 602 247 (
663 204 739 246 ms
798 189 825 245 >

138 346 343 382 numerat,
388 332 651 385 praecipuum
692 340 732 369 et
775 328 860 369 fere
899 327 1029 372 solum
1070 341 1157 379 est,
1203 331 1253 372 ad

138 405 251 460 quod
272 416 410 444 verum
439 414 479 442 et
503 400 706 442 liberalius
735 398 950 440 Botanices
980 398 1149 440 studium
1168 411 1253 439 ten·

139 477 232 518 dere
272 484 449 528 oportet.
511 471 605 512 Hoc
648 468 804 511 scilicet
843 469 994 511 auxilio
1027 469 1252 522 plantarum

138 545 359 592 structura,
392 542 551 583 habitus
585 553 625 582 et
655 550 814 580 mutuae
842 540 946 579 inter
986 539 1023 579 se
1050 539 1256 580 affinitates

137 612 373 666 indagantur
399 623 439 651 et
464 622 793 666 cognoscuntur,
825 621 869 650 ut
897 621 938 649 et
967 621 1036 649 eae
1065 609 1252 662 plantae,

138 695 237 736 quas
278 681 362 735 ipsa
384 693 523 722 natura
545 683 585 722 in
620 680 785 721 eandem
814 679 1006 720 familiam
1037 679 1255 721 contulisse

139 753 311 795 videtur.

195 822 390 863 Plurimas
429 821 628 877 ejusmodi
669 820 839 862 familias
876 819 1075 860 naturales
1117 832 1254 861 revera

139 893 313 940 exstare,
352 890 748 946 umbelliferarum,
772 890 1174 943 papilionacearum
1215 899 1257 929 et

139 960 456 1017 cruciferarmn
477 961 656 1014 aliaeque
683 959 856 1001 familiae
870 959 959 999 satis
975 958 1255 1000 demonstrant.

139 1031 272 1087 Hujus
301 1043 431 1072 tamen
459 1043 608 1072 novum
637 1030 926 1084 egregiumque
955 1039 1015 1068 est
1036 1028 1258 1069 documen-

140 1113 252 1151 tum,
283 1100 503 1154 plurimas,
548 1113 645 1154 quas
674 1099 861 1140 Botanici
886 1099 967 1152 jam
993 1110 1107 1139 antea
1136 1109 1252 1139 natu-

138 1171 241 1213 rales
267 1171 350 1212 esse
376 1170 547 1211 familias
576 1170 931 1224 praedicaverant,
974 1170 1094 1209 certis
1137 1168 1256 1209 tellu-

139 1243 194 1283 ris
217 1241 453 1296 regionibus
481 1240 564 1280 esse
602 1242 798 1294 proprias.
861 1239 929 1281 Sic
953 1236 1168 1293 coniferae
1190 1252 1253 1279 re-

139 1312 284 1366 giones
321 1310 480 1364 polares
508 1322 549 1350 et
577 1311 755 1360 nivales3
787 1307 1056 1363 cracifhrae,
1101 1309 1258 1350 umbel-

141 1379 328 1437 liferae,
370 1383 556 1436 regiones
601 1392 869 1435 temperatast,
907 1381 1084 1434 palmae
1124 1381 1259 1434 regio-

141 1465 212 1493 nes
240 1453 416 1505 tropicas
444 1452 639 1493 habitant.

199 1523 383 1576 Systema
420 1535 517 1563 vero
562 1520 771 1563 artificiale
822 1519 1103 1573 qualecunque
1157 1519 1258 1560 nihil
1318 1511 1320 1514 ’

143 1592 251 1633 aliud
312 1605 386 1634 nos
455 1592 576 1633 docet
633 1603 708 1632 nec
746 1590 892 1631 docere
949 1589 1084 1639 valet,
1140 1603 1260 1643 quam

145 1663 367 1716 plantarum
416 1663 578 1702 nomina
621 1671 661 1701 et
710 1672 844 1701 certos
887 1659 1082 1712 quosdam
1125 1673 1258 1700 carum

147 1731 422 1781 characteres,
454 1734 522 1785 qui
552 1744 602 1773 ex
626 1730 837 1782 systemate
865 1731 904 1770 in
933 1729 1157 1783 plantarum
1187 1742 1262 1771 no-

148 1801 322 1843 minibus
348 1802 579 1857 detegendis
610 1800 689 1845 usu,
710 1801 890 1841 veniunt.

572 1938 840 1993 §Lxxvn.

203 2081 248 2122 In
276 2083 529 2134 systematum
556 2080 792 2122 naturalium
816 2075 1068 2134 indagatione
1085 2109 1098 2127 ‚
1140 2080 1260 2120 variis

148 2153 278 2192 modis
322 2152 524 2201 institutd,
564 2152 644 2206 jam
686 2149 840 2190 saecula
869 2148 1133 2203 praeterlapsa
1159 2149 1261 2191 sunt.

152 2219 245 2263 Huc
275 2234 399 2276 usque
423 2233 518 2263 vcro
550 2219 639 2262 talis
668 2220 881 2262 methodus
912 2220 1148 2263 sufficienter
1173 2221 1260 2261 uni-

1174 2302 1263 2332 ver-
