1519 2729
736 148 956 203 (66)

298 289 368 331 fibi
392 288 553 343 adJungi
572 316 585 336 ‚
615 286 918 339 perhibuerunt.
977 284 1164 339 Quonam
1181 282 1410 325 fundamen-

295 370 338 400 to
389 359 486 398 haec
519 357 719 406 nitantur,
764 355 853 396 satis
904 355 1170 409 perspicitur,
1229 354 1411 406 adeoque

292 439 398 468 nunc
427 425 625 466 solutione
653 437 734 465 non
764 437 866 478 opus
888 435 948 463 est
977 423 1000 476 (
1011 422 1071 476 1).

351 496 608 549 Cynicorum
661 495 827 549 originis
883 493 1195 546 explicationem
1243 491 1410 532 exhibet

293 563 702 619 Sprengelius,
739 564 897 604 dicens:
943 561 1036 601 illos
1064 562 1157 600 oriri
1198 560 1316 612 posse
1356 573 1409 602 ex

291 635 441 683 ultimis
478 635 706 675 arteriarum
749 631 925 681 finibus,
971 629 1143 671 dilatatis
1182 639 1223 668 et
1250 630 1291 669 in
1317 629 1406 686 glo-

291 704 410 746 bulos
430 702 607 757 expansis
632 699 726 755 (2).

747 837 772 891 §
803 836 954 878 XLVI.

341 980 385 1022 Si
411 980 534 1035 igitur
558 978 638 1032 jam
669 988 807 1017 omnes
840 974 927 1015 illas
956 974 1166 1016 sententias
1192 975 1252 1017 de.
1274 979 1400 1032 origi-

282 1063 331 1091 ne
357 1050 550 1090 vermium
577 1046 713 1087 allatas
741 1046 988 1094 intueamur,
1019 1047 1145 1085 varias
1172 1047 1290 1087 variis
1307 1060 1398 1101 pre-

281 1122 335 1160 mi
362 1118 615 1158 observamus
649 1113 948 1157 difficultatibus
965 1144 977 1163 ,
1022 1125 1063 1154 et
1087 1127 1223 1155 revera
1251 1118 1398 1157 nostris

280 1188 420 1230 diebus
443 1187 604 1229 forsitan
625 1184 739 1227 causa
768 1185 953 1236 proxima
992 1185 1186 1224 vermium
1230 1187 1400 1241 originis

277 1258 407 1299 adhuc
429 1255 693 1309 aliquomodo
720 1254 801 1295 dici
830 1253 967 1307 posset
994 1253 1142 1303 latere,
1186 1255 1256 1297 nifi
1299 1254 1398 1297 faci-

278 1326 357 1367 lior
381 1326 492 1367 fieret
511 1323 732 1377 explicatio
748 1353 761 1372 ,
793 1324 843 1364 ad
872 1325 1084 1378 genuinam
1110 1336 1227 1377 quam
1257 1328 1395 1378 proxi-

279 1410 343 1437 me
370 1395 591 1444 accedens,
622 1395 715 1434 dum
736 1406 810 1446 per
834 1404 1081 1433 momentum
1108 1394 1332 1447 cogitemus
1348 1396 1397 1436 de

276 1465 365 1506 aliis
417 1464 592 1506 Naturae
640 1462 944 1515 Omnipotentis
1001 1463 1220 1515 operibus,
1278 1466 1397 1505 nobis

276 1534 437 1589 prorsus
469 1533 633 1588 ignotis.
706 1530 765 1571 Ita
792 1544 831 1572 v.
858 1544 894 1571 c.
925 1531 1152 1582 hominem,
1201 1533 1396 1586 praestan-

276 1605 464 1645 tissimum
493 1601 668 1642 Naturae
698 1601 940 1653 productum
958 1631 971 1650 ,
1015 1602 1110 1641 oriri
1136 1601 1316 1642 videmus
1345 1616 1395 1645 ex

272 1673 500 1726 liquoribus
524 1669 547 1711 a
568 1671 797 1724 parentibus
825 1672 1013 1719 secretis,
1055 1672 1158 1711 inter
1186 1671 1224 1711 se
1261 1673 1395 1713 mixtis

274 1755 315 1784 et
351 1753 448 1797 apto
486 1741 583 1781 loco
625 1740 858 1782 reconditis.
949 1739 1028 1781 Sed
1063 1739 1138 1780 illo
1167 1740 1293 1791 loco,
1351 1743 1391 1783 in

272 1824 388 1855 utero
415 1811 468 1855 sc.
490 1810 587 1865 quid
610 1810 686 1852 fit?
730 1808 824 1854 Hoc
851 1823 1015 1867 quoque
1042 1809 1201 1864 prorsus
1231 1812 1390 1867 ignora-

1288 1892 1388 1924 mus.

318 1994 382 2039 (ι)
406 1995 503 2029 Conf.
531 1993 573 2027 de
591 1994 656 2028 hoc
679 1994 792 2028 Coul
807 2003 825 2027 e
842 2003 853 2028 t
869 2019 878 2028 .
902 1995 959 2028 lib.
982 1995 1003 2029 l.
1029 2003 1101 2037 pag.
1121 1996 1175 2038 56.

312 2047 376 2095 (2)
412 2049 488 2084 Vid.
526 2050 595 2092 ejus
635 2049 734 2085 Path.
766 2053 844 2085 Gen.
877 2051 974 2085 Tom.
1002 2052 1029 2085 Ι.
1052 2061 1123 2094 pag.
1146 2059 1221 2094 345.
1253 2051 1387 2087 Amstei.

274 2108 355 2147 1813
372 2131 382 2146 ,
405 2117 472 2148 quo
488 2107 562 2141 loco
582 2107 695 2140 lubens
718 2115 905 2151 argumenta
933 2106 973 2143 ad
1001 2107 1080 2144 hanc
1100 2108 1288 2155 sententiam
1307 2117 1385 2143 con·

271 2161 453 2197 firmandam
470 2171 541 2205 apta
569 2163 728 2200 vidissem.
