<?xml version="1.0" encoding="UTF-8"?>
<!DOCTYPE html PUBLIC "-//W3C//DTD XHTML 1.0 Transitional//EN"
    "http://www.w3.org/TR/xhtml1/DTD/xhtml1-transitional.dtd">
<html xmlns="http://www.w3.org/1999/xhtml" xml:lang="en" lang="en">
 <head>
  <title>
</title>
<meta http-equiv="Content-Type" content="text/html;charset=utf-8" />
  <meta name='ocr-system' content='tesseract 3.04.00' />
  <meta name='ocr-capabilities' content='ocr_page ocr_carea ocr_par ocr_line ocrx_word'/>
</head>
<body>
  <div class='ocr_page' id='page_1' title='image "annalesacademiae22acad_0552.png"; bbox 0 0 1519 2729; ppageno 0'>
   <div class='ocr_carea' id='block_1_1' title="bbox 698 120 917 176">
    <p class='ocr_par' dir='ltr' id='par_1_1' title="bbox 698 120 917 176">
     <span class='ocr_line' id='line_1_1' title="bbox 698 120 917 176; baseline -0.009 0"><span class='ocrx_word' id='word_1_1' title='bbox 698 120 917 176; x_wconf 79' lang='lat'><em>(92)</em></span> 
     </span>
    </p>
   </div>
   <div class='ocr_carea' id='block_1_2' title="bbox 206 255 1366 1278">
    <p class='ocr_par' dir='ltr' id='par_1_2' title="bbox 206 255 1366 1278">
     <span class='ocr_line' id='line_1_2' title="bbox 251 255 1362 312; baseline 0 -14"><span class='ocrx_word' id='word_1_2' title='bbox 251 257 383 307; x_wconf 79' lang='lat' dir='ltr'>ratio,</span> <span class='ocrx_word' id='word_1_3' title='bbox 428 267 473 299; x_wconf 86' lang='lat' dir='ltr'>ut</span> <span class='ocrx_word' id='word_1_4' title='bbox 497 269 578 298; x_wconf 91' lang='lat' dir='ltr'>non</span> <span class='ocrx_word' id='word_1_5' title='bbox 606 256 730 298; x_wconf 91' lang='lat' dir='ltr'>modo</span> <span class='ocrx_word' id='word_1_6' title='bbox 771 258 820 299; x_wconf 84' lang='lat' dir='ltr'>ad</span> <span class='ocrx_word' id='word_1_7' title='bbox 845 259 1027 299; x_wconf 80' lang='lat' dir='ltr'>actiones</span> <span class='ocrx_word' id='word_1_8' title='bbox 1056 257 1265 312; x_wconf 84' lang='lat' dir='ltr'>respiciat,</span> <span class='ocrx_word' id='word_1_9' title='bbox 1294 255 1362 298; x_wconf 91' lang='lat' dir='ltr'>sed</span> 
     </span>
     <span class='ocr_line' id='line_1_3' title="bbox 253 326 1360 377; baseline 0.001 -10"><span class='ocrx_word' id='word_1_10' title='bbox 253 338 295 367; x_wconf 89' lang='lat' dir='ltr'>et</span> <span class='ocrx_word' id='word_1_11' title='bbox 335 326 610 377; x_wconf 87' lang='lat' dir='ltr'>voluntatem,</span> <span class='ocrx_word' id='word_1_12' title='bbox 655 339 695 368; x_wconf 89' lang='lat' dir='ltr'>et</span> <span class='ocrx_word' id='word_1_13' title='bbox 735 340 868 369; x_wconf 90' lang='lat' dir='ltr'>motus</span> <span class='ocrx_word' id='word_1_14' title='bbox 910 327 1118 368; x_wconf 88' lang='lat' dir='ltr'>hominum</span> <span class='ocrx_word' id='word_1_15' title='bbox 1169 328 1360 377; x_wconf 82' lang='lat' dir='ltr'>intimos,</span> 
     </span>
     <span class='ocr_line' id='line_1_4' title="bbox 251 397 549 438; baseline 0.007 -2"><span class='ocrx_word' id='word_1_16' title='bbox 251 397 549 438; x_wconf 84' lang='lat' dir='ltr'>animadvertat.</span> 
     </span>
     <span class='ocr_line' id='line_1_5' title="bbox 260 466 1365 522; baseline -0.002 -15"><span class='ocrx_word' id='word_1_17' title='bbox 260 472 264 476; x_wconf 87' lang='grc'><strong>’</strong></span> <span class='ocrx_word' id='word_1_18' title='bbox 310 466 513 520; x_wconf 86' lang='lat' dir='ltr'>Sapientia</span> <span class='ocrx_word' id='word_1_19' title='bbox 539 479 600 508; x_wconf 91' lang='lat' dir='ltr'>est</span> <span class='ocrx_word' id='word_1_20' title='bbox 627 467 695 508; x_wconf 85' lang='lat' dir='ltr'>illa</span> <span class='ocrx_word' id='word_1_21' title='bbox 724 466 1012 522; x_wconf 83' lang='lat' dir='ltr'>intelligentiae</span> <span class='ocrx_word' id='word_1_22' title='bbox 1042 469 1131 517; x_wconf 83' lang='lat' dir='ltr'>vis,</span> <span class='ocrx_word' id='word_1_23' title='bbox 1165 480 1243 521; x_wconf 85' lang='lat' dir='ltr'>qua</span> <span class='ocrx_word' id='word_1_24' title='bbox 1273 467 1365 519; x_wconf 89' lang='lat' dir='ltr'>quis</span> 
     </span>
     <span class='ocr_line' id='line_1_6' title="bbox 254 535 1363 590; baseline -0.003 -12"><span class='ocrx_word' id='word_1_25' title='bbox 254 535 427 581; x_wconf 17' lang='lat' dir='ltr'>confiliat</span> <span class='ocrx_word' id='word_1_26' title='bbox 443 537 513 578; x_wconf 83' lang='lat' dir='ltr'>fibi</span> <span class='ocrx_word' id='word_1_27' title='bbox 543 539 740 590; x_wconf 90' lang='lat' dir='ltr'>proponit</span> <span class='ocrx_word' id='word_1_28' title='bbox 764 538 898 585; x_wconf 81' lang='lat' dir='ltr'>bona,</span> <span class='ocrx_word' id='word_1_29' title='bbox 930 549 1082 590; x_wconf 90' lang='lat' dir='ltr'>eosque</span> <span class='ocrx_word' id='word_1_30' title='bbox 1099 567 1111 587; x_wconf 86' lang='lat'>‚</span> <span class='ocrx_word' id='word_1_31' title='bbox 1156 536 1363 583; x_wconf 85' lang='lat' dir='ltr'>adiumen-</span> 
     </span>
     <span class='ocr_line' id='line_1_7' title="bbox 255 596 1364 659; baseline -0.001 -14"><span class='ocrx_word' id='word_1_32' title='bbox 255 607 305 645; x_wconf 89' lang='lat' dir='ltr'>tis</span> <span class='ocrx_word' id='word_1_33' title='bbox 320 607 508 658; x_wconf 70' lang='lat' dir='ltr'>opdmis,</span> <span class='ocrx_word' id='word_1_34' title='bbox 525 596 707 658; x_wconf 87' lang='lat' dir='ltr'>tempore</span> <span class='ocrx_word' id='word_1_35' title='bbox 725 617 983 658; x_wconf 85' lang='lat' dir='ltr'>opportun0‚</span> <span class='ocrx_word' id='word_1_36' title='bbox 1011 607 1254 659; x_wconf 85' lang='lat' dir='ltr'>exsequitur.</span> <span class='ocrx_word' id='word_1_37' title='bbox 1285 604 1364 645; x_wconf 92' lang='lat' dir='ltr'>Di-</span> 
     </span>
     <span class='ocr_line' id='line_1_8' title="bbox 252 675 1364 729; baseline -0.001 -14"><span class='ocrx_word' id='word_1_38' title='bbox 252 675 368 715; x_wconf 85' lang='lat' dir='ltr'>vinae</span> <span class='ocrx_word' id='word_1_39' title='bbox 396 676 520 729; x_wconf 86' lang='lat' dir='ltr'>igitur</span> <span class='ocrx_word' id='word_1_40' title='bbox 541 686 702 721; x_wconf 84' lang='lat' dir='ltr'>naturae</span> <span class='ocrx_word' id='word_1_41' title='bbox 718 675 852 716; x_wconf 85' lang='lat' dir='ltr'>adesse</span> <span class='ocrx_word' id='word_1_42' title='bbox 881 675 1002 715; x_wconf 91' lang='lat' dir='ltr'>debet</span> <span class='ocrx_word' id='word_1_43' title='bbox 1031 686 1216 720; x_wconf 82' lang='lat' dir='ltr'>accurata</span> <span class='ocrx_word' id='word_1_44' title='bbox 1231 686 1364 714; x_wconf 87' lang='lat' dir='ltr'>rerum</span> 
     </span>
     <span class='ocr_line' id='line_1_9' title="bbox 254 744 1366 798; baseline -0.003 -12"><span class='ocrx_word' id='word_1_45' title='bbox 254 746 471 798; x_wconf 72' lang='lat' dir='ltr'>cognit503</span> <span class='ocrx_word' id='word_1_46' title='bbox 502 757 636 785; x_wconf 85' lang='lat' dir='ltr'>earum</span> <span class='ocrx_word' id='word_1_47' title='bbox 665 746 782 786; x_wconf 86' lang='lat' dir='ltr'>etiam</span> <span class='ocrx_word' id='word_1_48' title='bbox 801 776 814 795; x_wconf 83' lang='lat'>‚</span> <span class='ocrx_word' id='word_1_49' title='bbox 847 757 948 798; x_wconf 86' lang='lat' dir='ltr'>quae</span> <span class='ocrx_word' id='word_1_50' title='bbox 975 745 1073 785; x_wconf 89' lang='lat' dir='ltr'>olim</span> <span class='ocrx_word' id='word_1_51' title='bbox 1102 744 1293 794; x_wconf 83' lang='lat' dir='ltr'>fuerunt,</span> <span class='ocrx_word' id='word_1_52' title='bbox 1325 753 1366 783; x_wconf 92' lang='lat' dir='ltr'>et</span> 
     </span>
     <span class='ocr_line' id='line_1_10' title="bbox 206 813 1365 869; baseline -0.004 -11"><span class='ocrx_word' id='word_1_53' title='bbox 206 838 213 847; x_wconf 46' lang='grc' dir='ltr'><strong><em>ι</em></strong></span> <span class='ocrx_word' id='word_1_54' title='bbox 256 817 448 869; x_wconf 84' lang='lat' dir='ltr'>deinceps</span> <span class='ocrx_word' id='word_1_55' title='bbox 468 817 600 858; x_wconf 84' lang='lat' dir='ltr'>futura</span> <span class='ocrx_word' id='word_1_56' title='bbox 617 817 732 868; x_wconf 60' lang='lat' dir='ltr'>sunu,</span> <span class='ocrx_word' id='word_1_57' title='bbox 765 827 904 855; x_wconf 88' lang='lat' dir='ltr'>omnes</span> <span class='ocrx_word' id='word_1_58' title='bbox 919 827 1049 854; x_wconf 85' lang='lat' dir='ltr'>rerum</span> <span class='ocrx_word' id='word_1_59' title='bbox 1066 813 1246 863; x_wconf 80' lang='lat' dir='ltr'>formas,</span> <span class='ocrx_word' id='word_1_60' title='bbox 1278 825 1365 854; x_wconf 92' lang='lat' dir='ltr'>om-</span> 
     </span>
     <span class='ocr_line' id='line_1_11' title="bbox 254 883 1365 936; baseline -0.003 -10"><span class='ocrx_word' id='word_1_61' title='bbox 254 899 327 927; x_wconf 89' lang='lat' dir='ltr'>nes</span> <span class='ocrx_word' id='word_1_62' title='bbox 342 888 549 936; x_wconf 79' lang='lat' dir='ltr'>actiones,</span> <span class='ocrx_word' id='word_1_63' title='bbox 577 889 710 935; x_wconf 79' lang='lat' dir='ltr'>vires,</span> <span class='ocrx_word' id='word_1_64' title='bbox 742 885 980 932; x_wconf 80' lang='lat' dir='ltr'>facultates,</span> <span class='ocrx_word' id='word_1_65' title='bbox 1012 885 1146 924; x_wconf 87' lang='lat' dir='ltr'>omnia</span> <span class='ocrx_word' id='word_1_66' title='bbox 1160 883 1365 924; x_wconf 88' lang='lat' dir='ltr'>adiumen-</span> 
     </span>
     <span class='ocr_line' id='line_1_12' title="bbox 258 952 1277 1008; baseline -0.002 -12"><span class='ocrx_word' id='word_1_67' title='bbox 258 967 324 1006; x_wconf 84' lang='lat' dir='ltr'>ta,</span> <span class='ocrx_word' id='word_1_68' title='bbox 355 963 441 997; x_wconf 85' lang='lat' dir='ltr'>eam</span> <span class='ocrx_word' id='word_1_69' title='bbox 465 957 581 999; x_wconf 86' lang='lat' dir='ltr'>nosse</span> <span class='ocrx_word' id='word_1_70' title='bbox 607 957 768 998; x_wconf 86' lang='lat' dir='ltr'>necesse</span> <span class='ocrx_word' id='word_1_71' title='bbox 795 967 867 995; x_wconf 90' lang='lat' dir='ltr'>est.</span> <span class='ocrx_word' id='word_1_72' title='bbox 901 952 982 1008; x_wconf 77' lang='grc' dir='ltr'>(Ι)</span> <span class='ocrx_word' id='word_1_73' title='bbox 1275 1004 1277 1006; x_wconf 22' lang='lat'>¹</span> 
     </span>
     <span class='ocr_line' id='line_1_13' title="bbox 315 1023 1364 1070; baseline -0.004 -2"><span class='ocrx_word' id='word_1_74' title='bbox 315 1025 447 1068; x_wconf 86' lang='lat' dir='ltr'>Huius</span> <span class='ocrx_word' id='word_1_75' title='bbox 487 1039 619 1068; x_wconf 81' lang='lat' dir='ltr'>autem</span> <span class='ocrx_word' id='word_1_76' title='bbox 659 1025 795 1067; x_wconf 89' lang='lat' dir='ltr'>mundi</span> <span class='ocrx_word' id='word_1_77' title='bbox 823 1036 1058 1070; x_wconf 81' lang='lat' dir='ltr'>auctorem,</span> <span class='ocrx_word' id='word_1_78' title='bbox 1105 1025 1238 1064; x_wconf 87' lang='lat' dir='ltr'>omnia</span> <span class='ocrx_word' id='word_1_79' title='bbox 1264 1023 1364 1064; x_wconf 85' lang='lat' dir='ltr'>haec</span> 
     </span>
     <span class='ocr_line' id='line_1_14' title="bbox 259 1092 1365 1151; baseline -0.005 -13"><span class='ocrx_word' id='word_1_80' title='bbox 259 1097 418 1138; x_wconf 83' lang='lat' dir='ltr'>novisse</span> <span class='ocrx_word' id='word_1_81' title='bbox 457 1097 591 1139; x_wconf 90' lang='lat' dir='ltr'>nullus</span> <span class='ocrx_word' id='word_1_82' title='bbox 619 1097 812 1151; x_wconf 76' lang='lat' dir='ltr'>negabit,</span> <span class='ocrx_word' id='word_1_83' title='bbox 856 1096 927 1148; x_wconf 89' lang='lat' dir='ltr'>qui</span> <span class='ocrx_word' id='word_1_84' title='bbox 953 1105 1130 1134; x_wconf 86' lang='lat' dir='ltr'>naturam</span> <span class='ocrx_word' id='word_1_85' title='bbox 1160 1105 1200 1134; x_wconf 89' lang='lat' dir='ltr'>et</span> <span class='ocrx_word' id='word_1_86' title='bbox 1235 1092 1365 1134; x_wconf 84' lang='lat' dir='ltr'>facul-</span> 
     </span>
     <span class='ocr_line' id='line_1_15' title="bbox 259 1165 1363 1220; baseline -0.003 -14"><span class='ocrx_word' id='word_1_87' title='bbox 259 1177 359 1206; x_wconf 84' lang='lat' dir='ltr'>tates</span> <span class='ocrx_word' id='word_1_88' title='bbox 397 1178 527 1207; x_wconf 85' lang='lat' dir='ltr'>rcrum</span> <span class='ocrx_word' id='word_1_89' title='bbox 555 1168 629 1207; x_wconf 88' lang='lat' dir='ltr'>rite</span> <span class='ocrx_word' id='word_1_90' title='bbox 658 1165 933 1220; x_wconf 81' lang='lat' dir='ltr'>indagaverit,</span> <span class='ocrx_word' id='word_1_91' title='bbox 976 1175 1191 1218; x_wconf 84' lang='lat' dir='ltr'>earumque</span> <span class='ocrx_word' id='word_1_92' title='bbox 1222 1175 1363 1217; x_wconf 84' lang='lat' dir='ltr'>opera-</span> 
     </span>
     <span class='ocr_line' id='line_1_16' title="bbox 262 1223 998 1278; baseline -0.004 -2"><span class='ocrx_word' id='word_1_93' title='bbox 262 1237 393 1276; x_wconf 86' lang='lat' dir='ltr'>tiones</span> <span class='ocrx_word' id='word_1_94' title='bbox 421 1248 461 1277; x_wconf 87' lang='lat' dir='ltr'>ct</span> <span class='ocrx_word' id='word_1_95' title='bbox 488 1236 580 1278; x_wconf 90' lang='lat' dir='ltr'>usus</span> <span class='ocrx_word' id='word_1_96' title='bbox 602 1223 718 1277; x_wconf 35' lang='lat' dir='ltr'>‘bene</span> <span class='ocrx_word' id='word_1_97' title='bbox 739 1233 998 1277; x_wconf 82' lang='lat' dir='ltr'>intellexerit.</span> 
     </span>
    </p>
   </div>
   <div class='ocr_carea' id='block_1_3' title="bbox 361 1374 1248 1571">
    <p class='ocr_par' dir='ltr' id='par_1_3' title="bbox 361 1374 1248 1571">
     <span class='ocr_line' id='line_1_17' title="bbox 739 1374 884 1429; baseline 0.007 -14"><span class='ocrx_word' id='word_1_98' title='bbox 739 1375 779 1429; x_wconf 86' lang='lat'>§.</span> <span class='ocrx_word' id='word_1_99' title='bbox 810 1374 884 1417; x_wconf 91' lang='lat' dir='ltr'>IV.</span> 
     </span>
     <span class='ocr_line' id='line_1_18' title="bbox 361 1510 1248 1571; baseline -0.005 -15"><span class='ocrx_word' id='word_1_100' title='bbox 361 1514 431 1556; x_wconf 82' lang='lat' dir='ltr'>De</span> <span class='ocrx_word' id='word_1_101' title='bbox 459 1515 760 1570; x_wconf 79' lang='lat' dir='ltr'>omnipotentia</span> <span class='ocrx_word' id='word_1_102' title='bbox 786 1528 807 1557; x_wconf 85' lang='lat' dir='ltr'>e</span> <span class='ocrx_word' id='word_1_103' title='bbox 827 1514 987 1571; x_wconf 85' lang='lat' dir='ltr'>finibus</span> <span class='ocrx_word' id='word_1_104' title='bbox 1015 1510 1248 1569; x_wconf 71' lang='lat' dir='ltr'>conspicua.</span> 
     </span>
    </p>
   </div>
   <div class='ocr_carea' id='block_1_4' title="bbox 259 1653 1370 2110">
    <p class='ocr_par' dir='ltr' id='par_1_4' title="bbox 259 1653 1370 2062">
     <span class='ocr_line' id='line_1_19' title="bbox 317 1653 1370 1709; baseline -0.004 -14"><span class='ocrx_word' id='word_1_105' title='bbox 317 1653 455 1697; x_wconf 88' lang='lat' dir='ltr'>Unum</span> <span class='ocrx_word' id='word_1_106' title='bbox 474 1657 726 1709; x_wconf 89' lang='lat' dir='ltr'>eundemque</span> <span class='ocrx_word' id='word_1_107' title='bbox 751 1656 933 1696; x_wconf 85' lang='lat' dir='ltr'>ordinem</span> <span class='ocrx_word' id='word_1_108' title='bbox 953 1653 1302 1695; x_wconf 84' lang='lat' dir='ltr'>animadvertimus</span> <span class='ocrx_word' id='word_1_109' title='bbox 1328 1653 1370 1691; x_wconf 90' lang='lat' dir='ltr'>in</span> 
     </span>
     <span class='ocr_line' id='line_1_20' title="bbox 261 1725 1368 1781; baseline -0.005 -15"><span class='ocrx_word' id='word_1_110' title='bbox 261 1726 382 1767; x_wconf 89' lang='lat' dir='ltr'>rebus</span> <span class='ocrx_word' id='word_1_111' title='bbox 410 1727 530 1767; x_wconf 87' lang='lat' dir='ltr'>vastis</span> <span class='ocrx_word' id='word_1_112' title='bbox 557 1738 597 1766; x_wconf 91' lang='lat' dir='ltr'>et</span> <span class='ocrx_word' id='word_1_113' title='bbox 623 1727 806 1781; x_wconf 71' lang='lat' dir='ltr'>exiguis,</span> <span class='ocrx_word' id='word_1_114' title='bbox 837 1727 877 1766; x_wconf 83' lang='lat' dir='ltr'>in</span> <span class='ocrx_word' id='word_1_115' title='bbox 906 1725 1126 1773; x_wconf 83' lang='lat' dir='ltr'>fideribus,</span> <span class='ocrx_word' id='word_1_116' title='bbox 1157 1735 1259 1776; x_wconf 88' lang='lat' dir='ltr'>quae</span> <span class='ocrx_word' id='word_1_117' title='bbox 1285 1733 1368 1774; x_wconf 86' lang='lat' dir='ltr'>non</span> 
     </span>
     <span class='ocr_line' id='line_1_21' title="bbox 259 1792 1369 1851; baseline -0.005 -15"><span class='ocrx_word' id='word_1_118' title='bbox 259 1793 341 1838; x_wconf 68' lang='lat' dir='ltr'>nifi&#39;</span> <span class='ocrx_word' id='word_1_119' title='bbox 373 1796 686 1851; x_wconf 87' lang='lat' dir='ltr'>telescopiorum</span> <span class='ocrx_word' id='word_1_120' title='bbox 726 1808 806 1851; x_wconf 88' lang='lat' dir='ltr'>ope</span> <span class='ocrx_word' id='word_1_121' title='bbox 865 1795 1048 1848; x_wconf 88' lang='lat' dir='ltr'>conspici</span> <span class='ocrx_word' id='word_1_122' title='bbox 1083 1792 1286 1847; x_wconf 76' lang='lat' dir='ltr'>possunt,</span> <span class='ocrx_word' id='word_1_123' title='bbox 1327 1801 1369 1831; x_wconf 89' lang='lat' dir='ltr'>et</span> 
     </span>
     <span class='ocr_line' id='line_1_22' title="bbox 259 1861 1362 1920; baseline -0.003 -16"><span class='ocrx_word' id='word_1_124' title='bbox 259 1867 300 1905; x_wconf 88' lang='lat' dir='ltr'>in</span> <span class='ocrx_word' id='word_1_125' title='bbox 327 1865 488 1907; x_wconf 87' lang='lat' dir='ltr'>insectis</span> <span class='ocrx_word' id='word_1_126' title='bbox 518 1868 734 1908; x_wconf 86' lang='lat' dir='ltr'>oculorum</span> <span class='ocrx_word' id='word_1_127' title='bbox 761 1868 889 1908; x_wconf 82' lang='lat' dir='ltr'>aciem</span> <span class='ocrx_word' id='word_1_128' title='bbox 914 1864 1177 1920; x_wconf 80' lang='lat' dir='ltr'>fugientibus,</span> <span class='ocrx_word' id='word_1_129' title='bbox 1215 1861 1362 1916; x_wconf 81' lang='lat' dir='ltr'>Quan-</span> 
     </span>
     <span class='ocr_line' id='line_1_23' title="bbox 261 1932 1364 1992; baseline -0.006 -16"><span class='ocrx_word' id='word_1_130' title='bbox 261 1947 299 1976; x_wconf 84' lang='lat' dir='ltr'>ta</span> <span class='ocrx_word' id='word_1_131' title='bbox 344 1939 466 1992; x_wconf 82' lang='lat' dir='ltr'>igitur</span> <span class='ocrx_word' id='word_1_132' title='bbox 494 1949 597 1990; x_wconf 85' lang='lat' dir='ltr'>opus</span> <span class='ocrx_word' id='word_1_133' title='bbox 624 1949 684 1977; x_wconf 90' lang='lat' dir='ltr'>est</span> <span class='ocrx_word' id='word_1_134' title='bbox 720 1937 926 1991; x_wconf 87' lang='lat' dir='ltr'>potentia,</span> <span class='ocrx_word' id='word_1_135' title='bbox 969 1935 1019 1975; x_wconf 80' lang='lat' dir='ltr'>ad</span> <span class='ocrx_word' id='word_1_136' title='bbox 1056 1945 1133 1974; x_wconf 87' lang='lat' dir='ltr'>tam</span> <span class='ocrx_word' id='word_1_137' title='bbox 1161 1932 1287 1973; x_wconf 86' lang='lat' dir='ltr'>multa</span> <span class='ocrx_word' id='word_1_138' title='bbox 1323 1941 1364 1969; x_wconf 88' lang='lat' dir='ltr'>et</span> 
     </span>
     <span class='ocr_line' id='line_1_24' title="bbox 261 2003 1367 2062; baseline -0.006 -16"><span class='ocrx_word' id='word_1_139' title='bbox 261 2006 478 2047; x_wconf 76' lang='lat' dir='ltr'>multifaria</span> <span class='ocrx_word' id='word_1_140' title='bbox 512 2007 750 2051; x_wconf 76' lang='lat' dir='ltr'>instituenda</span> <span class='ocrx_word' id='word_1_141' title='bbox 774 2017 818 2049; x_wconf 88' lang='lat' dir='ltr'>et</span> <span class='ocrx_word' id='word_1_142' title='bbox 831 2007 1033 2062; x_wconf 84' lang='lat' dir='ltr'>regunda!</span> <span class='ocrx_word' id='word_1_143' title='bbox 1065 2003 1142 2045; x_wconf 87' lang='lat' dir='ltr'>Vel</span> <span class='ocrx_word' id='word_1_144' title='bbox 1158 2004 1224 2048; x_wconf 56' lang='lat' dir='ltr'>fid</span> <span class='ocrx_word' id='word_1_145' title='bbox 1236 2011 1367 2043; x_wconf 87' lang='lat' dir='ltr'>tamen</span> 
     </span>
    </p>

    <p class='ocr_par' dir='ltr' id='par_1_5' title="bbox 1275 2070 1367 2110">
     <span class='ocr_line' id='line_1_25' title="bbox 1275 2070 1367 2110; baseline 0 0"><span class='ocrx_word' id='word_1_146' title='bbox 1275 2070 1367 2110; x_wconf 90' lang='lat' dir='ltr'>sub-</span> 
     </span>
    </p>
   </div>
   <div class='ocr_carea' id='block_1_5' title="bbox 307 2150 1367 2199">
    <p class='ocr_par' dir='ltr' id='par_1_6' title="bbox 307 2150 1367 2199">
     <span class='ocr_line' id='line_1_26' title="bbox 307 2150 1367 2199; baseline -0.008 -11"><span class='ocrx_word' id='word_1_147' title='bbox 307 2151 370 2198; x_wconf 71' lang='lat'>(1)</span> <span class='ocrx_word' id='word_1_148' title='bbox 396 2154 435 2187; x_wconf 82' lang='lat' dir='ltr'><strong>M</strong></span> <span class='ocrx_word' id='word_1_149' title='bbox 451 2163 472 2187; x_wconf 89' lang='lat' dir='ltr'>u</span> <span class='ocrx_word' id='word_1_150' title='bbox 488 2165 509 2187; x_wconf 85' lang='lat' dir='ltr'>n</span> <span class='ocrx_word' id='word_1_151' title='bbox 524 2163 536 2187; x_wconf 85' lang='lat' dir='ltr'>t</span> <span class='ocrx_word' id='word_1_152' title='bbox 551 2155 562 2187; x_wconf 84' lang='lat' dir='ltr'>i</span> <span class='ocrx_word' id='word_1_153' title='bbox 576 2165 596 2188; x_wconf 90' lang='lat' dir='ltr'>n</span> <span class='ocrx_word' id='word_1_154' title='bbox 610 2167 632 2199; x_wconf 89' lang='lat' dir='ltr'><strong>g</strong></span> <span class='ocrx_word' id='word_1_155' title='bbox 645 2157 666 2190; x_wconf 88' lang='lat' dir='ltr'>h</span> <span class='ocrx_word' id='word_1_156' title='bbox 683 2167 700 2191; x_wconf 91' lang='lat' dir='ltr'>e</span> <span class='ocrx_word' id='word_1_157' title='bbox 717 2182 728 2198; x_wconf 84' lang='lat'>‚</span> <span class='ocrx_word' id='word_1_158' title='bbox 753 2158 794 2192; x_wconf 89' lang='lat' dir='ltr'>V.</span> <span class='ocrx_word' id='word_1_159' title='bbox 807 2153 983 2192; x_wconf 57' lang='lat' dir='ltr'>Clufficol.</span> <span class='ocrx_word' id='word_1_160' title='bbox 998 2152 1070 2188; x_wconf 67' lang='lat' dir='ltr'>Chr.</span> <span class='ocrx_word' id='word_1_161' title='bbox 1087 2151 1190 2187; x_wconf 43' lang='lat' dir='ltr'>Thr-or.</span> <span class='ocrx_word' id='word_1_162' title='bbox 1208 2150 1367 2193; x_wconf 75' lang='lat' dir='ltr'>lt§.119.</span> 
     </span>
    </p>
   </div>
  </div>
 </body>
</html>
