1519 2729
586 142 809 198 (85)

132 270 224 318 cum
257 276 482 320 moralitate
519 292 631 323 arcte
659 283 849 334 iunctae,
896 281 1051 338 optim&
1088 287 1246 329 ratione

131 345 319 387 consulit.
732 365 736 369 ·

106 465 110 471 Ι
188 414 333 471 Qualis
368 429 501 459 autem
532 420 577 460 fit
606 433 770 472 natura,
802 435 903 476 quae
925 421 1023 464 tales
1045 423 1118 466 fibi
1148 438 1243 479 pro-

127 484 309 538 posuerit
363 486 460 528 fines
497 488 702 532 subiectos
744 493 945 547 talemque
987 494 1107 536 finem
1146 495 1243 537 ulti-

128 567 236 594 mum
254 585 267 604 ‚
298 544 340 596 et
361 558 432 610 qui
462 558 608 600 talibus
635 563 1062 621 utaturxadiumentis,
1094 564 1241 607 sectio-

129 635 179 664 ne
209 624 464 680 subsequenti
493 628 707 673 dicendum
735 635 827 675 erit.

284 750 1074 816 SECTJOTERTIA

211 916 366 957 QUALIS
414 919 480 948 SIT
510 921 720 958 NATURA,
765 926 881 965 QUAE
912 928 1042 958 TALES
1074 928 1154 957 SIBI

477 990 715 1021 PROPOSUIT
747 995 880 1025 FINES.

635 1119 784 1189 §L-

128 1277 169 1290 ..-
511 1255 849 1304 praemonenda.

172 1394 322 1442 Fines,
353 1409 456 1449 quos
483 1395 732 1442 sectionibus
757 1401 1088 1446 antecedentibus
1126 1404 1226 1446 indi-

115 1467 291 1507 cavimus
307 1496 319 1516 ,
342 1466 548 1519 exemplis
565 1497 578 1516 ‚
608 1481 701 1509 cum
726 1481 776 1511 ex
805 1473 943 1513 natural
974 1473 1226 1527 adspectabi-

112 1535 140 1576 Ii
158 1566 171 1586 ,
217 1547 298 1577 tum
339 1549 389 1577 ex
423 1537 597 1577 hominis
626 1538 763 1579 indole
791 1541 1045 1597 intelligibili
1070 1556 1111 1584 et
1135 1558 1224 1586 mo·

111 1605 181 1646 rali
205 1606 357 1656 ductis,
389 1619 439 1647 eo
470 1607 665 1658 tendunt,
697 1621 741 1650 ut
780 1612 1074 1666 cognoscamus
1111 1615 1223 1657 illam

109 1686 315 1725 naturam,
347 1687 542 1729 quatenus
572 1689 593 1719 a
624 1679 773 1729 nobis,
807 1694 858 1721 ex
904 1682 1017 1725 hisce
1048 1685 1225 1736 finibus,

108 1755 210 1796 quos
229 1744 296 1784 fibi
314 1746 548 1798 proposuit,
573 1748 924 1802 cognosciposfit.
957 1777 1003 1784 —
1033 1753 1094 1795 Ea
1110 1757 1217 1798 enim

107 1825 168 1853 est
206 1815 358 1868 ingenii
392 1816 554 1857 humani
597 1818 808 1868 conditio,
852 1830 915 1863 ut·
937 1822 1095 1865 nullum
1119 1825 1216 1867 effe-

107 1884 217 1924 ctum
263 1884 340 1925 fine
385 1885 526 1935 causa,
571 1887 728 1929 nullum
762 1888 895 1944 finem
942 1894 1020 1935 fine
1059 1894 1222 1949 consilio

106 1966 267 1994 naturae
293 1953 583 2011 intelligentis,
615 1957 687 1998 fibi
713 1970 945 2011 proponere
973 1965 1111 2015 posfit.
1135 1964 1159 2019 (
1168 1963 1215 2017 1)

106 2024 219 2066 Haec
262 2023 454 2065 humanae
497 2035 658 2065 naturae
694 2029 798 2068 ratio
840 2041 1027 2084 tanquam
1056 2035 1095 2074 in
1127 2035 1215 2094 spe-

98 2090 101 2091 ⁷
998 2153 1000 2160 γ
1146 2118 1218 2148 cu-

149 2168 213 2215 (1)
236 2172 274 2206 F.
298 2172 402 2205 Hem
415 2171 615 2207 stethuis
630 2197 641 2215 ‚
666 2176 804 2210 Oeumrs
827 2176 914 2215 Plu'l.
931 2177 1027 2216 Tom.
1041 2181 1085 2217 11.
1097 2191 1216 2225 p.322.
