1519 2729
742 159 963 216 (96)

285 299 556 354 'complecti,
611 311 711 352 quae
765 298 812 339 de
867 297 1002 339 indole
1040 299 1283 352 ingenioque
1330 297 1413 339 He-

304 370 513 411 braeorum
543 371 583 409 in
609 369 750 408 itinere
780 380 920 409 nostro
961 381 1042 409 non
1083 369 1241 422 ingrato
1283 358 1413 421 neque

302 438 549 493 injucundo,
588 448 653 478 aut
681 437 848 478 obscure
876 437 1208 491 significavimus,
1257 450 1322 478 aut
1352 439 1413 478 di-

302 508 401 549 serte
443 507 729 560 exposuimus,
777 508 1022 559 omninoque
1064 507 1105 547 id
1133 520 1323 561 agemus,
1369 518 1413 548 ut

300 591 384 619 uno
426 576 536 617 velut
563 577 709 617 intuitu
739 568 822 617 tota
848 576 945 617 haec
971 589 1032 616 res
1057 577 1232 630 perspici
1269 578 1411 630 posfit.

301 638 576 687 Ostendemus
614 657 745 687 autem
783 658 865 686 non
909 657 1095 687 mutatam
1123 645 1220 686 ⁴csse
1240 637 1298 686 >in
1329 633 1412 686 ‘fiac

298 717 442 773 agendi
489 716 708 757 diversitate
757 713 934 756 indolem
987 713 1296 764 Hebraeorum,
1347 715 1413 756 sed

297 788 535 842 explicitum
562 786 698 836 senfim
727 785 945 838 senfimque
968 797 1107 825 eorum
1137 784 1357 839 ingenium.

815 923 902 978 §L

327 1066 426 1110 Non
457 1075 714 1120 commutata
744 1073 827 1112 est,
850 1059 931 1117 sed
947 1059 1130 1118 servata
1158 1062 1372 1105 Hebraeo-

709 1146 805 1174 rum
830 1132 1000 1173 indoles.

354 1273 412 1316 Et
440 1275 481 1314 in
510 1275 559 1315 iis
588 1271 750 1327 quidem
780 1283 882 1325 quae
908 1271 959 1312 ad
974 1270 1128 1313 cultum
1150 1271 1301 1313 sacrum
1327 1285 1415 1313 non,

297 1346 524 1398 pertinent,
570 1342 708 1383 eadem
739 1343 849 1381 omni
875 1354 976 1382 aevo
1015 1341 1193 1382 universe
1234 1343 1419 1384 cernitur.

298 1414 580 1456 Hebraeorum
609 1411 780 1452 indoles.
1395 1413 1397 1415 ’

353 1484 496 1526 Ροὲϊίη
529 1483 635 1523 enim
675 1481 701 1521 fi
729 1481 885 1534 spectes
914 1494 961 1522 ac
992 1481 1208 1530 mufieam,
1253 1479 1408 1523 nullum
1446 1482 1451 1488 ’

296 1554 381 1596 fere
407 1555 583 1595 invenias
609 1564 788 1604 tempus,
833 1563 917 1603 quo
943 1563 1024 1591 non
1053 1551 1206 1592 summo
1242 1551 1326 1605 ejus
1351 1549 1411 1590 fe*-

295 1625 484 1665 rebantur
524 1623 664 1663 studio.
737 1620 880 1661 Testes
906 1621 977 1660 fint
1004 1622 1166 1675 egregia
1204 1620 1272 1660 illa
1310 1621 1410 1672 poe-

296 1693 385 1734 seos
422 1703 705 1739 monumenta,
749 1687 863 1743 quae
889 1690 1003 1730 nullo
1025 1703 1122 1739 ,non
1158 1701 1340 1744 tempore
1385 1690 1411 1729 fi

296 1766 426 1804 minus
466 1762 754 1809 condiderunt,
801 1771 840 1800 at
877 1759 1037 1800 summis
1089 1771 1218 1801 tamen
1259 1759 1413 1812 semper

295 1837 336 1874 in
379 1833 535 1873 deliciis
585 1831 819 1871 habuerunt.
872 1851 917 1861 —
972 1829 1087 1884 Quae
1134 1829 1410 1870 Orientalibus

296 1903 522 1957 perplacuit
587 1901 848 1954 philosophia
898 1899 1086 1948 moralis,
1133 1899 1321 1939 brevibus
1373 1910 1413 1938 et

295 1974 422 2013 acutis
467 1971 671 2012 sententiis
708 1969 1024 2023 comprehensa,
1069 1969 1205 2009 eadem
1248 1980 1412 2020 quoque

298 2043 409 2081 omni
453 2053 553 2081 aevo
592 2040 698 2093 apud
733 2038 942 2080 Hebraeos
977 2041 1106 2093 viguit
1150 2050 1410 2092 magnopere.

297 2109 412 2150 Hanc
433 2109 617 2162 Jobe'idis
642 2110 814 2161 scriptor
840 2109 1065 2150 admirabili
1096 2108 1219 2148 modo
1234 2109 1283 2148 ad
1299 2107 1410 2147 suum

297 2180 549 2235 propositum
595 2178 790 2221 adhibuit.
863 2178 976 2221 Haec
1016 2179 1057 2220 in
1100 2177 1264 2220 Psalmis
1310 2175 1415 2217 haud

1315 2257 1412 2301 pau-
