1519 2729
705 142 928 201 (62)

252 295 364 327 erant
405 284 448 326 hi
492 293 645 324 tantum
680 282 861 337 Jehovae
891 283 1032 324 summi
1059 286 1165 340 regis
1195 288 1365 336 vicarii,

250 368 292 396 et
335 355 362 397 fi
394 354 494 409 quid
534 364 676 406 postea
705 365 727 392 a
753 353 917 407 regibus
946 356 1137 406 perverfis
1170 347 1252 396 erat
1281 370 1362 397 me-
1392 375 1397 383 ·

247 426 442 468 tuendum
483 417 739 470 detrimenti,
784 422 864 463 hoc
897 423 923 464 fi
960 437 1042 464 non
1081 426 1242 478 penitus
1283 428 1364 467 sus-

247 494 452 539 tulerunt,
497 503 537 533 at
578 491 799 533 remedium
839 504 948 534 certe
993 492 1100 535 malo
1144 495 1364 537 attulerunt
1416 539 1420 545 ,

247 560 491 618 prophetaej
548 560 648 616 Quo
682 564 810 617 magis
840 565 947 604 enim
975 576 1089 619 reges
1119 564 1312 618 deinceps
1341 579 1365 606 a

241 646 344 676 vero
385 633 564 687 Jehovae
610 631 722 673 cultu
760 633 1016 683 aberrarent,
1062 646 1113 675 eo
1142 633 1364 676 illustriora

245 703 427 744 facinora
447 689 627 755 Jehova'e
653 704 819 742 nomine
849 714 889 744 et
925 703 1114 754 auspiciis
1157 715 1363 756 perpetra-

245 785 338 814 runt
368 773 621 827 prophetae,
667 773 866 814 continuo
893 775 1052 827 agmine
1082 772 1153 813 fibi
1187 774 1362 826 invicem

243 843 517 884 succedentes,
604 841 789 884 Pesfimis
840 842 1003 898 regibus
1046 843 1363 895 opponebantur

241 913 473 955 excelsioris
513 913 635 953 animi
676 913 926 966 prophetae,
971 913 1040 965 qui
1076 912 1141 952 vel
1173 912 1247 953 hac
1272 901 1393 966 ipsa-

243 985 547 1037 opportunitate
572 982 749 1036 Jehovae
780 982 934 1023 cultum
974 994 1014 1023 et
1042 981 1294 1022 vindicarent
1315 993 1358 1022 et

239 1052 485 1093 illustrarent
510 1064 551 1093 et
577 1051 872 1104 amplificarent
900 1052 1106 1092 immense.

297 1122 500 1181 Progresfi
528 1123 655 1176 igitur,
677 1121 766 1162 sunt
794 1121 996 1163 Israelitae
1024 1122 1065 1160 in
1097 1120 1210 1162 cultu
1238 1121 1358 1162 etiam

241 1192 394 1233 dlvino.
455 1190 511 1231 Et
536 1190 699 1231 scholae
730 1188 812 1244 (ιι)
853 1190 1017 1244 quidem
1059 1191 1356 1245 propheticae,

240 1274 263 1302 a
293 1261 479 1302 Samuele
504 1261 530 1301 fi
561 1263 693 1301 minus
718 1260 936 1311 conditae,
981 1272 1090 1302 certe
1134 1274 1274 1302 auctae
1319 1274 1360 1303 et

240 1332 508 1386 amplificatae
561 1343 744 1386 magnam
787 1333 827 1371 in
883 1331 1153 1372 Israelitarum
1190 1333 1362 1373 animos

240 1405 324 1444 vim
362 1414 403 1442 et
435 1402 712 1443 efficacitatem
743 1395 979 1442 habueruut.
1052 1400 1362 1443 Instituebautur

240 1474 348 1513 enim
388 1473 554 1526 juvenes
597 1471 645 1511 de
686 1470 896 1525 religionis
933 1470 1143 1512 Mosaicae
1173 1473 1360 1522 ratione,

240 1557 288 1584 ac
317 1544 365 1584 de
385 1544 454 1592 vi,
487 1546 605 1595 quam
633 1540 682 1581 ad
707 1542 898 1593 pietatem
929 1554 976 1582 ac
1004 1542 1195 1583 virtutem
1237 1543 1358 1583 habe-

242 1625 329 1663 ret,
377 1624 417 1653 et
460 1612 780 1652 informabantur
831 1611 882 1652 ad
921 1612 1119 1665 genuinos
1178 1611 1360 1666 ejusdem

243 1684 377 1725 sensus
407 1685 447 1724 in
475 1683 615 1723 animis
642 1681 904 1735 popularium
932 1672 1183 1723 excitandos.
1244 1682 1359 1724 Po’eli

242 1765 376 1794 autem
417 1763 457 1793 et
495 1753 665 1793 muficae
710 1752 816 1793 haud
855 1751 1014 1792 infimae
1050 1763 1184 1805 partes
1224 1754 1263 1792 in
1309 1754 1358 1794 iis

243 1823 406 1864 suerunt
433 1822 624 1863 tributae:
680 1820 796 1876 Quae
813 1833 1064 1880 quantopere
1087 1822 1136 1862 ad
1163 1812 1357 1863 excolen-

243 1893 339 1934 dum
368 1893 573 1947 ingenium
601 1890 788 1942 valeant,
819 1892 971 1934 nullius
992 1906 1076 1935 non
1102 1893 1248 1947 populi
1278 1894 1359 1934 his-

245 1964 349 2003 toria
374 1963 531 2003 doceat.
592 1961 755 2017 Quanta
783 1973 916 2002 autem
947 1976 997 2004 ex
1025 1964 1224 2018 ejusmodi
1242 1963 1359 2004 scho-
1396 1980 1398 1983 >

245 2032 296 2075 lis
323 2033 429 2073 bona
465 2033 515 2074 ad
538 2032 758 2086 populares
794 2032 1076 2086 redundarint,
1120 2033 1185 2076 vel
1220 2032 1360 2075 schola

1279 2103 1357 2156 Py-

288 2176 352 2227 (a)
377 2181 527 2216 Paravius
544 2206 555 2224 ,
579 2181 690 2224 Antiq.
717 2181 823 2215 Hebr.
846 2191 880 2224 p.
912 2192 969 2225 171
1000 2183 1045 2226 sq.
1287 2207 1289 2209 ·
