1519 2729
543 161 768 223 (53)

92 335 124 361 ‚,
153 315 488 361 conputrescente
538 317 585 347 ac
628 304 902 354 redundante,
960 301 1071 357 quod
1103 305 1220 347 nimi-

92 406 122 430 „
151 390 240 419 rum
268 373 386 418 dulce
413 376 582 423 existat,
613 388 689 429 pus
716 375 939 417 aestuosum
967 373 1117 415 sactum
1134 374 1222 415 fue-

92 475 122 500 „
151 441 229 498 rit,
275 446 361 487 illic
399 445 545 487 animal
569 444 838 500 generatur''‚
883 455 923 484 et
951 454 995 484 ut
1020 444 1225 498 posterio-

91 529 178 557 rum
227 527 456 569 temporum
518 513 751 567 exemplum
782 513 989 564 afferam,
1042 513 1226 555 videatur

91 585 474 638 Hieronymus
505 584 816 626 Fabricius
846 582 953 637 (ι),
1000 584 1069 636 qui
1097 583 1225 623 dicit:

91 684 119 709 „
149 655 316 696 Vermes
346 658 384 696 in
413 654 619 696 ulceribus
646 653 788 695 aestate
830 654 943 708 gigni
982 652 1224 707 putredine,

91 755 120 778 ,‚
150 726 190 765 in
231 725 398 766 sordidis
440 724 684 773 immundis,
728 735 829 777 quae
871 735 968 764 cava
995 723 1082 763 sunt
1109 733 1150 762 et
1177 721 1226 762 fi·

90 825 119 849 ‚,
150 795 317 836 nuosa.''
365 822 411 831 -
455 793 522 834 Eo
566 797 692 850 magis
735 794 853 847 proni
889 803 999 832 erant
1037 792 1086 832 ad
1121 791 1226 830 hanc

92 866 356 913 sententiam,
403 865 592 916 quoniam
632 863 746 912 loci,
801 864 841 902 in
886 861 1034 914 quibus
1068 871 1228 901 vermes

94 935 379 983 inveniuntur,
424 934 594 974 maxime
637 933 838 987 putredini
879 931 1028 972 favent.
1114 927 1227 970 Nos-

93 1005 163 1045 tris
204 1015 335 1045 autem
378 1003 600 1055 temporius
630 1016 652 1043 a
677 1002 880 1056 plerisque
906 1000 1087 1054 rejicitur
1125 998 1227 1039 haec

92 1074 263 1126 opini03
296 1071 408 1126 quod
435 1084 509 1111 nos
535 1074 706 1122 attinet,
738 1071 852 1112 fateri
873 1069 1092 1116 debemus,
1123 1079 1226 1108 non-

91 1142 214 1183 nullis
236 1142 312 1183 -sub
343 1141 649 1183 conditionibus
666 1173 679 1191 ‚
711 1141 820 1182 illam
860 1151 943 1180 non
966 1137 1084 1191 plane
1104 1136 1227 1176 dene-

94 1214 178 1267 gari
221 1212 368 1266 posse,
413 1211 462 1252 de
501 1210 562 1251 his
602 1223 734 1252 autem
762 1220 933 1263 postea,
975 1208 1046 1249 ubi
1071 1219 1122 1247 ex
1149 1205 1224 1246 hac

93 1283 177 1335 ipsa
207 1282 362 1323 theoria
387 1282 596 1336 egregium
637 1278 815 1321 fructum
855 1277 1066 1320 deducturi
1103 1274 1226 1317 nobis

92 1352 286 1393 videmur.

583 1492 606 1544 ς
638 1489 750 1532 XLI.

147 1627 286 1683 Quum
313 1639 445 1669 autem
475 1630 774 1682 posterioribus
809 1626 1060 1681 temporibus
1099 1625 1226 1680 pluri-

92 1699 170 1740 bus
208 1699 419 1739 videbatur
459 1698 558 1739 haec
600 1697 794 1738 sententia
821 1710 903 1737 non
934 1698 989 1737 ita
1012 1696 1130 1750 posse
1157 1709 1224 1737 ac-

94 1770 210 1823 cipi,
255 1768 367 1821 quod
406 1780 552 1821 nempe
593 1767 779 1809 animalia
832 1778 882 1807 ex
933 1765 1092 1819 putrida
1143 1779 1227 1806 ma-

95 1840 193 1880 teria
231 1840 456 1886 orirentur,
501 1838 580 1879 sese
620 1839 900 1893 moventiasset
935 1836 1093 1890 organis
1122 1848 1225 1876 non-

94 1908 223 1950 nullis
265 1908 472 1961 praedita,
515 1909 709 1950 influxum
750 1908 955 1954 divinum,
998 1906 1112 1959 cujus
1148 1917 1228 1958 ope

101 1979 185 2019 hoc
212 1977 502 2032 perficeretur,
534 1979 845 2032 inquifiverunt‚
877 1989 997 2029 quem
1011 1978 1129 2016 variis
1154 1988 1230 2016 no-

105 2047 307 2097 minibus,
362 2061 401 2088 v.
452 2061 490 2088 c.
540 2048 707 2090 Anima
757 2045 930 2096 mundi,
971 2045 1228 2096 Archaeus,

1147 2115 1225 2157 Po·

99 2236 101 2238 ¹
144 2191 206 2240 (1)
230 2194 305 2229 Lib.
327 2205 357 2238 3.
380 2204 452 2238 cap.
475 2204 508 2238 9.
528 2203 601 2238 pag.
630 2205 703 2239 302.
