1519 2729
592 159 760 218 (135
823 158 852 216 )

149 297 390 353 plerumque
440 296 592 352 fingere
632 299 827 352 possunt,
877 299 942 343 vel
993 298 1134 346 ¹saltem
1179 303 1282 345 mala

148 369 354 415 avertere,
385 377 426 407 et
457 368 497 407 in
525 367 673 409 bonam
698 381 855 423 partem
878 382 925 412 ea
953 370 1145 422 flectere,
1177 384 1280 425 quae

114 481 119 486 ,
149 439 331 492 ipsorum
361 437 474 478 saluti
505 438 647 480 obesse
674 440 875 481 videntur.

147 527 159 542 --
209 509 314 564 Quis
340 509 616 551 misericordia
644 523 726 552 non
761 511 959 562 afficitur,
999 525 1124 567 quum
1152 512 1287 554 homi·

149 591 242 620 nem
272 591 547 635 aegrotantem
570 580 704 622 videat
734 592 775 622 et
798 581 1007 624 debilitate
1024 583 1286 635 confectum,

149 650 214 690 vel
245 639 335 690 eum
355 680 367 698 ‚
412 652 481 704 qui
512 651 664 692 summa
692 664 954 707 paupertate,
993 654 1151 715 inscitia
1177 654 1285 695 aliis-

147 731 197 758 ve
227 720 521 762 calamitatibus
563 721 754 764 laborat?
811 723 870 764 At
907 736 1042 765 nonne
1083 725 1168 779 ipse
1209 727 1285 767 ho-

148 801 218 829 mo
270 789 423 843 saepius
467 792 539 832 fibi
579 791 700 832 hasce
743 797 996 847 praeparavi-t
1045 798 1285 838 aerumnas?

143 856 347 898 Homines
378 859 458 900 sese
487 862 661 902 invicem
685 866 909 915 continuo,
944 865 1111 916 litibus,
1159 867 1285 918 odio,

144 927 260 967 ,bello
300 931 548 983 caeterisque
575 932 721 979 malis,
763 946 978 988 torquent:
1025 938 1116 990 quis
1148 950 1283 978 autem

146 997 256 1037 hisce
293 998 342 1038 cle
387 1001 511 1042 caufis
547 1003 737 1042 *ordinem
778 1005 818 1043 in
859 1005 1012 1046 mundo
1043 1006 1187 1047 morali
1216 1019 1286 1048 ne-

141 1069 294 1121 gzibit?

205 1137 318 1180 Bona
347 1151 478 1181 autem
505 1153 547 1182 et
575 1156 744 1185 amoena
784 1146 967 1187 universe
1005 1146 1108 1186 mala
1142 1158 1183 1188 et
1215 1149 1285 1188 tri-

104 1222 108 1227 ·
144 1207 214 1248 stia
254 1208 378 1264 longe
419 1212 685 1266 exsuperant,
733 1213 815 1269 (1)
852 1215 1097 1271 longiusque
1127 1216 1287 1271 supera-

145 1290 262 1328 rent,
293 1281 363 1322 nisi
390 1281 575 1325 homines
599 1285 680 1325 sese
710 1284 887 1325 invicem
919 1287 1118 1327 continuo
1151 1286 1286 1328 laede-

147 1360 260 1389 rent:
317 1361 522 1402 praeterea
572 1354 621 1393 iis
658 1352 749 1394 data
791 1365 853 1395 est
892 1357 1023 1406 ratio,
1069 1358 1174 1397 vitae
1205 1358 1286 1400 dux

145 1419 475 1470 etmoderatrix3
508 1435 586 1474 qua
613 1424 638 1464 fi
657 1435 837 1472 utantur,
864 1437 976 1466 error
995 1422 1286 1481 et'ignorantia

139 1487 331 1541 fugient,
365 1489 498 1530 cultus
526 1502 567 1531 et
605 1495 752 1534 veritas
793 1495 1023 1547 florebunt,
1054 1493 1096 1538 et
1129 1500 1170 1539 in
1197 1498 1283 1540 dies

142 1558 358 1611 augebitur
388 1560 562 1601 felicitas
593 1562 754 1605 humani
783 1568 956 1620 generis.

148 1631 149 1634 ’
205 1626 289 1668 Has
345 1632 451 1670 enim
495 1633 664 1674 nebulas
703 1635 856 1686 pellere
898 1637 1106 1679 hominem
1157 1653 1282 1693 opor.-

146 1708 234 1747 τοῖς
282 1698 362 1739 hoc
417 1703 521 1742 vires
560 1706 646 1744 eius
686 1705 850 1756 valent:,
896 1720 1016 1762 atque
1053 1710 1103 1750 ad
1143 1710 1282 1750 huma-

146 1768 314 1807 nitatem
356 1780 397 1810 et
437 1771 677 1815 felicitatem
722 1777 945 1831 augendam
988 1779 1068 1820 hoc
1111 1782 1281 1834 requiri-

147 1848 223 1877 tur.
256 1835 335 1891 (2)

207 1905 262 1948 II.
306 1906 418 1949 Finis
447 1911 640 1964 ultimus,
681 1915 891 1959 harmonia
913 1920 1017 1961 inter
1040 1920 1280 1964 felicitatem

1240 2001 1282 2031 et

193 2140 883 2194 (1)steinbart,t.a.p.b1.22.
1056 2163 1058 2165 ’

194 2198 680 2249 (2311eydenreich1,
706 2209 770 2245 Th.
792 2211 835 2246 11.
860 2212 955 2247 Betr.
980 2212 1055 2247 xx.
