1519 2729
740 162 767 218 Ε
824 177 883 220 94
938 160 965 218 )

294 311 393 342 trata
405 314 451 343 ac
470 300 753 348 illustrisfima‚
783 301 838 340 ita
866 300 1150 341 resuscitamnt
1179 307 1218 337 et
1248 294 1400 337 inflam-

290 383 446 412 marunt
499 371 653 410 animos
693 368 934 422 Judaeorum
951 398 964 413 ..
1021 379 1066 408 ut
1117 366 1313 420 quidquid
1353 366 1403 406 ad

289 441 544 495 peregrinum
597 437 749 479 cultum
805 439 1050 490 pertineret,
1109 436 1263 477 summo
1304 435 1403 476 odio

290 510 483 550 haberent
509 505 605 562 (a).
676 506 815 560 Itaque
833 536 848 556 ‚
892 520 993 560 quae
1029 508 1110 561 jam
1142 517 1256 546 antea
1286 505 1402 545 exsti-

288 590 389 620 terat
414 578 520 618 secta
548 575 847 617 Pharisaeorum
865 598 892 626 ,2
909 577 982 617 hac
1013 576 1095 629 ipsa
1119 562 1401 628 opportunita·
1429 585 1433 589 ’

288 659 328 690 te
356 648 545 689 summam
572 656 687 686 nacta
709 657 770 686 est
797 647 1078 687 auctoritatem
1094 675 1106 694 ‚
1151 646 1280 685 avitae
1312 643 1405 684 reli-

287 719 421 773 gionis
450 716 499 757 ad
528 714 844 768 superstitionem
872 727 998 769 usque
1027 714 1274 755 tenacisfima
1312 712 1406 766 (h).

286 787 405 844 Quae
445 798 539 828 cum
575 785 681 838 apud
720 784 863 839 vulgus
900 784 1142 838 Judaeorum
1172 785 1221 824 rin
1250 784 1406 824 summo

287 859 502 900 haberetur
539 855 720 904 honore,
766 866 940 908 cumque
983 855 1166 907 opposita
1200 853 1241 894 vi
1270 847 1408 906 ageret

286 929 330 969 in
356 928 611 975 Saducaeos‚
641 924 872 965 liberiorem
896 923 945 964 de
972 923 1170 978 religione
1199 922 1407 978 cogitandi

287 999 484 1039 rationem
512 997 696 1045 secut03‚
726 1008 798 1048 per
827 1004 952 1034 totam
979 993 1171 1046 deinceps
1197 992 1407 1034 Hebraeo·

288 1081 376 1109 rum
403 1068 612 1108 historiam
641 1065 682 1106 id
711 1064 908 1118 perfecit,
953 1074 997 1103 ut
1023 1061 1158 1102 odium
1188 1063 1293 1101 inter
1322 1060 1406 1101 He-

289 1138 433 1179 braeos
468 1138 660 1177 excitaret
695 1134 992 1176 acerbisfimum
1035 1143 1129 1185 erga
1168 1130 1404 1171 idololatras

291 1220 456 1256 omnes,
491 1218 541 1247 et
583 1217 857 1260 quascumque
900 1215 991 1252 τες,
1040 1213 1140 1253 quae
1185 1202 1406 1256 imaginum

290 1277 487 1318 sacrarum
513 1275 578 1317 vel
617 1275 858 1317 levissimam
886 1273 1078 1315 haberent
1105 1270 1282 1325 speciem
1311 1268 1404 1325 (c).

336 1399 400 1446 (a)
425 1401 525 1435 Conf.
552 1400 750 1443 Muntinghe
765 1425 776 1441 ‚
801 1401 823 1434 l.
845 1400 867 1432 Ι.
891 1399 932 1433 Τ.
956 1398 1049 1432 VIII.
1075 1407 1110 1439 p.
1138 1399 1204 1439 289
1220 1417 1233 1422 -
1249 1405 1326 1440 295.

337 1456 400 1502 (b)
423 1458 521 1492 Conf.
547 1457 743 1499 Muntinghe
762 1481 773 1497 ,
797 1457 820 1491 l.
849 1457 870 1491 l.
893 1456 935 1489 T.
962 1456 1052 1489 VIII.
1070 1464 1114 1498 ‘p.
1145 1455 1228 1497 296‚
1253 1463 1329 1497 297.

338 1511 396 1560 (c)
419 1514 519 1550 Conf.
542 1515 615 1547 loca
639 1514 731 1558 supra
752 1525 785 1557 p.
810 1523 830 1557 5
856 1521 890 1547 et
918 1513 939 1547 6
970 1510 1104 1545 laudata.

1250 2190 1416 2273 'sne-
