1519 2729
586 115 614 170 (
675 115 750 160 ¹81
811 115 841 171 )

659 251 771 306 §11-

581 389 871 434 GENTz.

182 529 257 572 -Ρ,
291 530 474 572 Gentz
517 527 634 584 (ι),Δ
673 529 775 572 illud
813 529 1018 572 moraliter
1058 529 1144 572 fieri
1169 532 1290 585 posse

149 602 410 656 pronuntiat,
457 600 569 654 quod
603 612 685 640 non
735 600 963 642 adversatur
1004 599 1086 656 legi
1129 601 1288 657 morali.

145 669 282 726 Quod,
313 684 410 720 vero
454 669 661 711 moraliter
704 669 791 711 fieri
833 680 999 724 potest,
1043 670 1086 711 id
1125 670 1286 714 licitum

149 752 224 780 est.
281 740 353 794 Jus
380 751 512 781 autem
541 739 717 780 licitum'
736 749 798 779 est
823 751 864 780 et
891 741 1072 781 consistit
1098 742 1139 780 in
1157 739 1287 782 facul-

146 822 225 851 tate
254 810 396 851 morali
440 810 636 850 individui
677 809 980 864 cujuscunque,
1023 809 1193 852 aliorum
1236 811 1289 853 li-

147 880 343 920 bertatem
372 890 533 920 eatenus
561 879 797 929 minuendi,
830 881 965 934 quoad
993 881 1074 922 hoc
1105 884 1286 935 requirat

147 949 270 1003 ipsius
297 950 492 990 individui
521 949 723 989 libertatis
751 950 990 992 vindicatio.

201 1019 299 1060 Sola
334 1020 457 1074 igitur
482 1020 582 1074 Juris
618 1020 800 1061 notionis
828 1019 1022 1061 deductio
1051 1021 1091 1060 in
1120 1032 1171 1067 eo
1200 1033 1288 1073 est,

144 1100 189 1131 ut
225 1089 424 1143 probetur
453 1089 681 1130 hominem
703 1101 786 1130 non
828 1091 1001 1144 cogitari
1039 1090 1158 1145 posse
1184 1090 1290 1132 libe·

147 1173 190 1202 re
208 1171 392 1215 agentem
409 1162 487 1203 fine
504 1174 549 1202 ea
576 1161 746 1202 notione
762 1190 775 1209 ‚
806 1171 873 1200 aut
889 1190 902 1209 ,
935 1172 1036 1214 quae
1064 1160 1155 1200 inde
1172 1160 1287 1213 fluit,

145 1230 426 1284 juripotentia.
516 1231 623 1272 Aliis
667 1230 800 1282 itaque
834 1228 1016 1282 perfecta
1041 1242 1102 1270 est
1128 1226 1288 1286 obliga-

145 1301 232 1350 tio,
264 1301 357 1342 huic
383 1301 461 1354 juri
489 1313 573 1342 non
603 1299 801 1341 adversari
821 1329 833 1345 ‚
864 1312 1002 1340 verum
1032 1299 1134 1351 illud
1165 1300 1287 1354 plena

145 1371 212 1410 sua
238 1371 412 1411 efficacia
441 1380 680 1424 agnoscere.
755 1368 867 1410 Nota
899 1372 1022 1425 igitur
1050 1372 1195 1412 iterum
1225 1373 1286 1425 vi-

140 1440 256 1481 detur
292 1441 331 1480 in
363 1452 413 1479 eo
444 1439 557 1492 quod
582 1438 755 1489 aliorum
790 1440 1079 1494 juripotentiae
1115 1437 1285 1493 respon-2

110 1510 246 1551 -deat.
306 1509 485 1550 Eatenus
527 1510 650 1563 igitur
691 1510 790 1550 mihi
831 1522 891 1550 est
919 1511 1095 1556 officium
1121 1511 1283 1563 perfec-

142 1575 223 1621 tum
243 1611 256 1629 ,
287 1591 482 1633 quatenus
514 1580 588 1620 tibi
619 1579 748 1620 libere
785 1582 929 1635 agendi
960 1578 1151 1622 facultate
1182 1594 1282 1634 qua-

140 1649 230 1690 dam
246 1662 350 1709 opus
376 1661 466 1700 est,
493 1650 545 1691 ad
573 1662 679 1692 tuam
705 1650 933 1693 libertatem
952 1651 1277 1694 conservandam.

185 1784 205 1829 ζ
211 1783 248 1829 1)
273 1785 377 1819 Ueber
398 1787 455 1821 den
486 1785 651 1831 (ss-sprung
683 1788 751 1822 und
769 1788 821 1822 die
847 1787 982 1830 oberslen
1014 1790 1196 1834 Princtpien
1227 1788 1280 1838 des

140 1842 277 1885 Rechts,
301 1843 452 1878 Berliner
476 1843 708 1879 Monatschrift
723 1869 734 1888 ,
758 1844 852 1889 April
883 1853 979 1889 1791.
1036 1839 1037 1842 ¹
1122 1840 1124 1843 ’

1142 2211 1167 2264 ς
1197 2209 1270 2252 111.
