1519 2729
689 157 940 216 (172)

236 335 242 340 .
296 303 340 344 Si
378 313 476 342 vero
513 299 720 341 distinctio
749 299 848 340 haec
883 294 1143 348 induemus
1185 299 1368 352 qua-Jus

238 374 464 415 coactionis
490 372 665 424 ideoque
695 370 826 410 officia
851 368 1032 423 perfecta
1056 367 1105 407 ab
1129 367 1252 407 altera
1278 381 1366 419 par-

238 456 277 483 te
331 442 410 482 sese
450 440 665 489 extendat,
710 440 759 479 ad
797 452 884 480 eam
921 443 984 478 τοῦ
1009 434 1135 490 suum
1175 449 1364 492 partem,

236 524 317 565 qua
356 511 483 551 homo
526 509 642 555 nullo
679 508 804 557 111on
840 521 975 549 carere
1006 517 1168 560 potest,
1215 509 1367 549 intacta

233 581 322 634 ejus
374 579 656 633 perfectione,
709 562 885 630 sequitur
922 577 1175 627 necessario,
1235 578 1367 619 homi-

234 662 357 698 nem,
387 647 884 690 licetefficacisfimehaec
915 645 978 686 vel
1009 645 1077 685 illa
1103 647 1153 687 ad
1178 649 1222 686 τὸ
1254 648 1365 688 suum

235 719 356 771 ipsius
373 719 573 770 pertinere
597 716 770 769 probare
800 717 923 768 posfit
941 744 954 763 ‚
996 727 1227 756 nontamen
1257 719 1296 757 vi
1322 728 1368 757 et

236 789 451 828 coactione
480 786 686 835 adhibita,
719 786 789 838 illa
816 786 1020 827 vindicare
1049 786 1168 839 posse
1194 788 1245 827 ab
1261 787 1366 827 alio-

236 864 324 898 rum
351 856 620 898 invasionibus
637 886 650 904 ‚
682 851 1013 909 niffprobavcrit
1041 855 1153 897 simul
1183 855 1222 896 se
1249 857 1365 898 hisce

235 928 357 975 rebus
385 939 519 967 carcre
545 927 708 966 minime
731 927 862 979 posse.
923 925 1125 966 ponamus
1155 926 1366 967 hominem

237 997 420 1052 legitime
449 997 643 1049 quaedam
667 997 897 1048 posfidere‚
929 996 1076 1049 quibus
1103 1007 1235 1038 tamen
1274 1008 1366 1048 apte

238 1080 374 1110 carere
417 1078 581 1120 potest,
622 1077 689 1107 aut
727 1065 884 1107 nullum
923 1078 1032 1106 certe
1076 1067 1148 1120 ipfi
1178 1067 1219 1107 in
1249 1067 1364 1107 hisce

238 1139 359 1180 rebus
398 1138 463 1192 jus
492 1149 579 1185 est,
621 1149 689 1176 aut
733 1135 822 1184 illa,
869 1122 1016 1189 quibus
1059 1137 1187 1177 homo
1227 1149 1366 1178 carere

237 1220 403 1264 potest,
435 1208 523 1247 aliis
565 1206 725 1261 legibus
762 1218 951 1261 regantur
981 1206 1145 1247 necesse
1175 1218 1249 1247 est.

295 1279 467 1319 Videtur
489 1277 646 1317 tandem
677 1275 776 1318 haec
801 1276 1011 1317 distinctio
1041 1275 1204 1316 summis
1234 1276 1366 1329 premi

237 1348 572 1391 difficultatibus„
622 1345 777 1386 Pendet
803 1348 956 1400 quippe
974 1346 1114 1400 major
1136 1346 1202 1387 vel
1230 1347 1366 1386 minor

236 1420 447 1459 necessitas
475 1432 498 1458 a
521 1416 717 1470 peculiari
745 1415 921 1456 hominis
946 1416 1197 1456 conditione.
1245 1414 1364 1456 Haec

236 1501 320 1529 non
359 1488 448 1528 aliis
489 1497 550 1526 est
590 1485 845 1537 dijudicanda
872 1491 1011 1525 verum
1042 1484 1103 1525 ini
1143 1485 1247 1533 soli,
1294 1487 1365 1538 qui

236 1557 306 1598 illa
332 1559 459 1598 utitur
485 1555 735 1597 conditione.
802 1568 836 1596 1.
867 1555 1034 1608 Reliqui
1058 1556 1113 1596 ita
1143 1555 1329 1596 homines
1347 1587 1361 1603 ‚

236 1628 384 1681 quibus
411 1627 612 1667 incumbit
642 1627 814 1666 officium
842 1624 1012 1666 alterum
1036 1619 1122 1664 'non
1153 1624 1366 1674 laedendi,

236 1698 292 1738 sui
323 1697 441 1738 officii
470 1696 587 1748 plane
605 1695 900 1748 essentignari3
932 1707 1023 1735 nam
1037 1694 1212 1749 licetjus
1224 1694 1366 1741 detur,

235 1767 348 1821 quod
372 1779 455 1807 non
487 1766 662 1806 servetur
687 1777 735 1804 ex
763 1763 926 1805 alterius
957 1765 1090 1806 officio
1122 1762 1203 1818 (1)
1236 1767 1365 1805 omni-

234 1851 288 1878 no
304 1849 435 1877 tamen
461 1837 582 1876 nobis
605 1834 804 1874 incumbit
829 1835 1002 1877 officium
1031 1835 1112 1876 hoc
1132 1835 1196 1889 jus
1213 1865 1225 1884 ‚
1256 1835 1367 1889 quod

234 1908 335 1948 alter
362 1906 483 1947 habet
510 1918 594 1944 non
609 1903 806 1944 laedendi.
865 1903 1018 1945 Verum
1049 1919 1086 1946 2.
1118 1905 1182 1959 jus'
1213 1905 1368 1958 semper

236 1987 388 2018 certum
407 1976 650 2029 principium
678 1974 879 2027 quoddam
912 1974 1058 2015 habere
1086 1974 1234 2023 debet,
1257 1973 1370 2027 quod

236 2047 285 2086 ab
327 2046 496 2085 aliorum
529 2044 764 2085 conditione
791 2056 873 2085 non
903 2043 1080 2098 pendet,
1114 2044 1182 2085 sed
1213 2041 1366 2086 certum
1398 2045 1401 2050 '

236 2116 282 2157 fit
317 2117 426 2155 omni
465 2126 597 2154 rerum
625 2114 886 2165 conditione,
915 2114 1191 2169 omnibusque
1234 2113 1367 2153 homi-

239 2187 373 2228 nibus.
1258 2182 1282 2235 ᾗ
1316 2181 1368 2222 H,

285 2265 349 2312 (ι)
373 2267 456 2300 Crit.
480 2263 572 2306 ssffig.
596 2264 637 2296 V.
660 2273 694 2305 p.
719 2270 796 2305 351.
