1519 2729
788 228 983 285 (4)

321 395 326 398 -
365 368 467 410 Sunt
495 378 628 409 autem
645 396 658 417 ‚
686 377 843 419 praeter
867 367 936 409 illa
963 368 1191 423 prIncipia‚
1236 365 1313 408 alia
1343 378 1436 408 cor-

268 429 273 433 ’
303 451 432 495 pora,
464 450 565 491 quae
593 436 677 478 fere
704 435 860 491 semper
888 451 980 479 cum
1007 437 1088 478 illis
1132 438 1256 477 mixta
1299 437 1341 476 in
1377 447 1435 477 at-

303 508 543 562 mosphaera
584 506 869 558 inveniunturt,
913 509 1017 548 inter
1068 508 1216 549 haecce
1260 518 1438 560 corpora

301 579 496 633 insignem
526 576 664 617 locum
706 589 911 630 occupant
953 577 1107 632 Aquae
1133 583 1340 629 vaporesz,
1386 572 1438 616 ex

301 645 468 688 illorum
492 648 599 687 enim
630 649 851 699 quantitate
879 649 1004 689 variat
1025 647 1186 688 luminis
1215 645 1436 695 refractio,

302 717 456 757 variant
509 717 586 756 alia
638 715 840 770 plurima,
891 717 941 757 ab
991 718 1106 758 aeris-
1136 717 1297 756 actione
1337 728 1437 769 pen-

301 786 449 827 dentia.
1193 773 1196 779 ⁷
1280 790 1285 798 ·

358 854 435 896 Per
460 855 691 897 diuturnum
720 867 879 910 tempus
909 851 1162 910 disputarunt
1202 854 1362 907 Phyfici
1397 865 1439 895 et

300 926 492 968 Chennc1
505 925 525 976 ‚'
562 927 774 980 quomodo
804 926 865 967 illi
896 939 1066 980 vapores
1089 927 1129 965 in
1156 925 1438 978 atmosphaera

300 996 455 1045 adsint,
498 1007 538 1065 et
579 996 711 1066 hocce
750 998 871 1037 etiam
916 1007 1100 1050 tempore
1152 994 1222 1035 illa
1265 995 1440 1050 agitatur

273 1066 501 1119 uquaestio.
921 1100 923 1102 ,

300 1151 303 1153 ·
361 1134 422 1175 Ut
450 1136 554 1177 hanc
582 1148 666 1177 rem
697 1136 854 1179 studiofi
884 1147 1159 1190 pertractent,
1189 1134 1439 1176 nobilissima

298 1204 438 1246 Math.
467 1216 507 1244 et
533 1204 639 1246 Phil.
665 1205 762 1246 Nat.
790 1205 980 1248 Facultas
1017 1207 1296 1259 quaestionem
1342 1216 1439 1257 pro-

300 1274 466 1328 posuit,
506 1275 555 1316 de
584 1286 710 1328 aquae
739 1276 779 1315 in
805 1277 1089 1331 atmosphaera
1119 1275 1440 1323 constitutione,

301 1354 424 1397 atque
458 1344 666 1397 probabili
694 1344 864 1387 theoria.
950 1346 1086 1402 Quam
1130 1346 1409 1400 quaestionem
1422 1372 1440 1393 ,‚
1476 1346 1479 1348 ’
1512 1332 1517 1368 5

301 1415 359 1455 ob
386 1426 573 1468 magnum
603 1417 826 1469 argumenti
852 1427 1124 1463 momentum,
1158 1415 1212 1455 ob
1227 1427 1439 1469 magnam,

278 1485 406 1538 ‘quae
461 1496 512 1526 ex
554 1484 640 1538 ejus
678 1485 1035 1538 pertractatione,
1078 1485 1176 1545 mihi
1225 1478 1442 1538 provenire

305 1554 446 1610 posset
470 1554 716 1605 utilitatem,
760 1568 838 1607 pro
881 1556 1033 1615 viribus
1064 1556 1164 1595 meis
1195 1555 1438 1604 elaborare,

304 1637 347 1666 et
373 1625 671 1678 responfionem
699 1625 1037 1678 qualemcumque
1067 1625 1117 1666 ad
1153 1624 1264 1666 illam
1306 1619 1441 1666 ‘mitte-
1507 1673 1509 1675 ι

305 1709 377 1745 re,
423 1694 583 1736 mecum
616 1694 832 1746 constitui,
864 1707 934 1745 ut,
979 1695 1005 1735 fi
1034 1708 1173 1748 aurum
1201 1696 1322 1736 etiam
1354 1707 1439 1735 non
1504 1712 1509 1738 ·,

305 1766 536 1820 accipiam,
569 1763 832 1818 Optimorum
863 1766 1083 1814 Virorum,
1130 1765 1179 1806 de
1202 1778 1295 1806 meo
1321 1765 1440 1806 labo·
1499 1752 1503 1758 ’

300 1851 380 1885 τε,
410 1836 608 1891 judicium
637 1836 807 1877 audiam.
1438 1829 1449 1837 “

304 1907 306 1910 ’
367 1904 661 1962 Quaestionem
690 1919 788 1947 vcro
828 1907 854 1948 fi
889 1906 1178 1960 inspiciamus,
1222 1919 1245 1946 e
1287 1905 1440 1947 duabus
1494 1894 1506 1923 ·.

308 1978 490 2032 partibus
519 1976 627 2016 illam
657 1976 903 2017 constantem
948 1977 1201 2026 invenimus,
1245 1988 1346 2028 quae
1385 1986 1441 2015 ta-

308 2061 402 2088 men
442 2058 574 2099 partes
617 2045 778 2087 difficile
821 2046 1022 2099 separatae
1066 2047 1303 2099 pertractari
1343 2058 1440 2099 pos-

309 2118 421 2166 sunt3
454 2129 475 2155 e
506 2116 660 2155 theoria
686 2118 794 2157 enim
824 2128 950 2170 aquae
971 2129 1166 2169 vaporum
1182 2116 1440 2168 atmosphae-
1489 2152 1491 2157 .

309 2199 354 2227 ra
384 2196 666 2226 contentorum
684 2215 696 2234 ,
729 2185 812 2238 ipsa
841 2187 985 2227 horum
1008 2186 1242 2227 constitutio
1258 2185 1438 2240 profluit.

312 2253 429 2298 Hauc
463 2254 518 2296 ob
553 2254 708 2296 causam
749 2255 849 2300 mihi
883 2256 989 2299 visus
1029 2255 1167 2319 sumy
1192 2256 1439 2312 quaestionis

1355 2337 1436 2368 am-
