1519 2729
707 147 928 205 (24)

263 278 293 337 ,’,
324 279 550 327 Volcardus‘
589 285 713 336 Aua,
751 289 813 329 vir
839 289 948 342 pleni
990 290 1177 338 habituS,
1206 292 1386 332 excrevit

240 346 467 407 'utiquene
510 357 638 409 vefica
682 360 952 400 membranam
998 362 1086 401 satis
1136 360 1309 413 amplam
1338 368 1388 400 'et

261 432 421 476 praeter
447 425 556 466 illam
586 439 759 479 corpore
785 429 866 482 jam
893 429 1012 483 plene
1039 432 1262 479 efficiam,
1299 442 1390 470 ver·

262 505 367 534 mem
401 505 593 547 teretem,
627 496 767 538 colore
796 499 898 538 adeo
924 499 1088 539 rubrum
1106 528 1118 546 ‚
1162 510 1207 538 ut
1234 495 1390 540 videre-

262 574 326 604 tur
352 564 577 619 solo-quali
609 562 796 621 ‘sanguine
835 569 952 609 altus.
1025 568 1071 609 In
1112 581 1230 621 quem
1269 570 1390 609 etiam

261 646 373 676 totus
414 637 713 684 resolvebatur,
757 649 854 688 post
907 648 1078 677 mortem
1132 637 1390 678 flaccescens.

260 702 546 745 Momm-derat
567 694 720 745 *autem
747 706 814 746 hic
844 708 989 747 vermis
1018 718 1095 747 tam
1124 708 1268 747 acriter
1296 719 1392 760 qua-

262 772 288 812 fi
320 774 546 828 {huguinem
591 775 750 824 sitiens,
797 789 888 817 cum
928 781 1041 816 renes
1085 789 1164 818 tum
1197 777 1394 817 membra-

263 855 332 883 nas
360 857 404 884 ae
435 856 555 883 venas
585 843 664 885 illis
692 847 873 894 vicinas,
917 857 961 886 ut
990 849 1056 886 vix
1083 859 1104 886 a
1129 846 1317 899 lacrymis
1348 848 1394 888 fi-

263 913 304 953 bi
333 916 570 966 temperavit
596 917 656 955 vir
685 919 944 969 caeteroquin
976 913 1140 958 durus?

322 984 622 1024 B1emsero
655 983 734 1038 (1)
773 987 950 1031 videtur
976 986 1132 1043 sanguis
1176 997 1392 1026 concretus

265 1052 414 1101 fuisse,
461 1066 581 1105 quem
611 1066 787 1095 vermem
817 1057 919 1096 dixit
947 1055 1049 1096 Tul
1069 1058 1228 1109 pius,
1274 1058 1394 1108 quip-

262 1135 320 1174 pe
347 1125 413 1174 qui
445 1124 631 1176 sanguine
669 1135 778 1164 totus
817 1126 1106 1166 resolvebatur.
1197 1124 1395 1180 Quamvis

263 1203 394 1231 autem
426 1193 531 1243 apud
561 1205 624 1234 me
655 1207 798 1248 magna
824 1195 870 1235 fit
900 1195 932 1235 B
951 1208 1056 1235 rem
1076 1195 1189 1235 seri
1218 1197 1395 1236 auetori-

260 1271 350 1309 ωε,
396 1273 524 1303 tamen
567 1263 633 1305 hic
666 1267 805 1317 potius
845 1277 866 1304 a
903 1276 1016 1318 parte
1058 1263 1394 1317 Rudolphii

263 1331 429 1381 starem,
490 1335 558 1387 qui
609 1333 689 1386 (2)
744 1320 883 1376 verum
945 1334 1216 1389 Strongylum
1259 1334 1395 1375 habet.

261 1401 470 1444 Praeterea
531 1405 676 1445 dubito
732 1418 781 1446 an
838 1405 1002 1458 quidem
1058 1404 1264 1457 Tulpii
1309 1416 1398 1443 ver-

263 1473 314 1512 ba
342 1486 392 1513 eo
420 1475 544 1514 modo
572 1475 746 1529 intelligi
789 1466 984 1522 debeant,
1030 1487 1076 1515 ac
1106 1474 1131 1513 fi
1164 1485 1271 1514 totus
1306 1484 1396 1514 ver-

260 1544 335 1582 mis
365 1544 405 1581 in
437 1544 623 1598 sanguine
651 1546 882 1593 evanuerit,
928 1557 1021 1586 eum
1060 1545 1177 1585 addat
1222 1555 1394 1592 auctor,

258 1641 287 1663 ,,
318 1624 413 1663 post
458 1625 628 1653 mortem
666 1613 972 1663 flaccescens;''
1016 1624 1099 1654 erat
1127 1615 1278 1668 igitur,
1325 1614 1396 1666 qui

260 1682 502 1737 flacbceseere
542 1683 694 1735 posset.
771 1683 952 1724 Pertinet
995 1683 1163 1724 fortasse
1215 1682 1285 1723 illa
1333 1693 1394 1722 re-

259 1751 410 1792 solutio
441 1752 490 1791 ad
524 1752 706 1793 colorem
737 1744 946 1802 rubru1n,'
979 1766 1071 1794 eum
1109 1755 1318 1805 proprium
1349 1754 1394 1794 fit
1423 1758 1426 1762 '

260 1822 374 1861 hisce
418 1822 648 1870 vermibus,
696 1834 741 1862 ut
770 1836 896 1875 aquae
927 1822 1002 1863 vel·
1023 1823 1176 1875 spiritui
1205 1824 1287 1863 vini
1319 1824 1393 1862 im-

257 1893 387 1943 missi,
421 1892 530 1933 brevi
559 1904 656 1945 post
685 1905 780 1935 eum
806 1891 938 1934 sonitu
955 1879 1275 1946 disrumpantur,
1305 1905 1394 1933 om·

1326 1974 1392 2002 ma

302 2112 448 2156 (0131
466 2116 568 2149 ems.
594 2116 615 2149 l.
641 2117 661 2149 1.
685 2126 718 2159 p.
743 2129 819 2160 224.

301 2168 363 2214 (2‘)
388 2171 420 2204 R
438 2171 492 2204 ud
509 2174 590 2214 olp
607 2173 638 2206 h.
662 2175 683 2208 l.
707 2174 729 2207 l.
753 2175 829 2208 Vol.
855 2174 882 2208 1.
903 2184 938 2218 p.
965 2183 1038 2217 140.
