1519 2729
0 1427 2 1486 ἶ

0 1506 3 1546 i

1 1565 6 1657 i

4 1680 10 1817 ε

7 1837 11 1879 Ι

9 1893 12 1926 l

0 1946 15 2033 1Ι

529 159 558 216 (
618 173 669 217 25
704 114 756 216 Χι)

84 301 284 348 invicem,
325 308 442 340 verae
481 296 758 340 dissolutionis
799 297 923 340 adfint
961 307 1096 339 notae.
1155 294 1195 341 E

81 370 235 424 frigore
279 368 390 422 quod
430 370 717 420 evaporatione
755 368 1017 418 observatur,
1062 380 1103 408 et
1145 380 1199 409 ex

81 442 171 493 aere
199 439 417 492 vaporibus
441 451 566 491 aquae
595 451 678 480 non
707 430 837 480 minus
863 438 1074 492 pellucido
1114 438 1200 479 fac·-

81 520 151 559 to,
196 511 316 550 etiam
364 507 527 563 colligit
568 507 732 549 Hube
772 520 905 549 veram
943 507 1077 550 adesse
1119 507 1199 548 dis-

79 579 336 621 solutionem.

138 648 213 691 His
240 661 372 690 autem
402 648 450 689 de
491 648 609 689 rebus
641 646 815 689 vidimus
855 647 1197 702 praecedentibus

80 721 122 768 in
149 720 344 767 theoriis,
389 731 511 772 quare
539 718 606 759 hic
635 730 867 773 argumenta
895 712 992 760 non'
1015 708 1200 766 afferam,

81 787 230 840 quibus
270 789 350 829 hoc
395 787 567 842 amplius
613 788 879 830 demonstrare
932 799 1101 830 conatus
1140 796 1204 829 est

81 855 256 898 Hube.
934 904 935 912 ἵ

89 967 92 969 Α
138 927 322 981 Vapores
361 938 411 970 ex
449 941 551 981 aqua
588 927 809 970 ebulliente
849 928 977 970 emissi
1021 928 1072 968 ab
1107 926 1203 980 ‚aliis

81 998 321 1051 distinguit,
364 1009 405 1038 et
437 997 534 1038 illos
569 997 618 1037 ab
647 999 851 1039 aere‘non
893 997 1087 1046 dissolvi,
1133 994 1203 1037 sed

34 1097 37 1102 .
81 1066 360 1107 tantummodo
390 1067 444 1108 ob
476 1067 663 1121 ponduS,
696 1068 799 1108 aeris
829 1068 1009 1120 pondere
1038 1068 1169 1107 minus
1184 1096 1205 1116 ,-

77 1136 122 1179 in
151 1148 203 1176 eo
227 1135 495 1188 adscendere,
523 1138 644 1178 etiam
671 1139 730 1178 uti
760 1138 812 1179 M
829 1151 975 1193 onge
1005 1138 1151 1178 statuit.
1196 1154 1199 1155 ⁷

102 1254 107 1257 7
141 1221 180 1248 2·
226 1205 340 1247 Duas
382 1220 508 1262 aquae
538 1209 579 1249 in
608 1209 700 1250 aere
730 1207 1006 1250 dissolutionis
1046 1206 1211 1261 species

81 1254 217 1330 posuit
246 1275 287 1317 H
302 1289 328 1317 u
343 1277 369 1317 b
387 1289 422 1318 e.

80 1375 82 1378 v
138 1345 272 1387 Prima
302 1347 456 1400 specie-s
485 1325 624 1390 locum
652 1348 773 1390 habet
803 1362 897 1391 cum
927 1360 1101 1401 corpora
1127 1347 1203 1387 hu-

59 1415 189 1458 ·mida
226 1418 268 1456 in
303 1419 393 1459 ae're
424 1418 528 1460 licea
554 1419 679 1467 fiunt,
711 1430 790 1472 qua
825 1419 971 1472 specie
985 1419 1054 1458 aet
1074 1418 1205 1471 magis

78 1486 271 1535 ,elasticus
309 1487 367 1529 fit.
399 1507 444 1516 —
475 1489 652 1530 Sfauss
656 1501 749 1529 ure
785 1488 860 1530 hac
891 1487 939 1528 de
964 1500 1006 1528 re
1034 1486 1204 1533 instituit

81 1558 358 1610 experimenta
387 1569 428 1598 et
456 1559 638 1609 invenit,
683 1559 876 1612 quodque
910 1570 1077 1614 granum
1112 1569 1215 1598 eva-·

81 1627 216 1679 porati
245 1627 426 1669 humoris
468 1627 752 1670 elasticitatem
793 1630 896 1670 aeris
935 1628 1073 1670 eeidem
1106 1641 1204 1682 pro-

77 1697 273 1750 portione
314 1710 486 1752 augere,
531 1710 571 1739 et
612 1699 1031 1749 aerisdeterminato
1073 1698 1204 1752 spatio

82 1765 223 1815 inclufi
266 1766 546 1807 elasticitatem
589 1771 714 1824 magis
754 1771 890 1825 augeri
947 1782 1030 1810 uno
1074 1781 1205 1823 grano

83 1835 270 1876 humoris
297 1836 511 1886 dissoluti,
557 1852 690 1892 quam
720 1852 802 1880 uno
845 1852 970 1894 grano
997 1840 1099 1880 aeris
1128 1852 1204 1892 pu-

81 1905 145 1954 ri,
179 1904 246 1945 sed
273 1919 434 1959 parvam
465 1909 567 1949 inter
595 1921 811 1962 utrumque
851 1920 1109 1964 augmentum
1144 1910 1205 1949 in-

81 1974 289 2023 tercedere
319 1975 612 2031 differentiam,
644 1980 747 2020 ae'ris
775 1980 899 2033 igitur
923 1980 1096 2034 gravitas
1114 1978 1206 2032 spe-

0 2058 15 2067 ¹·
80 2043 200 2086 cifica
243 2041 317 2098 per
374 2046 545 2088 solutam
600 2061 742 2102 aquam
788 2048 1051 2099 diminuitur,
1103 2049 1205 2091 hacc

0 2082 18 2164 i

0 2177 20 2272 l

0 2277 149 2342 i

80 2124 213 2155 autem
245 2114 459 2156 diminutio
490 2130 610 2170 parva
652 2130 740 2169 est,
787 2132 879 2160 cum
922 2119 1204 2162 tantummodo

77 2180 150 2234 ,ἐς
192 2184 384 2238 ponderis
436 2187 538 2228 aeris
579 2189 746 2240 efficiat,
802 2190 953 2232 etiamfi
1004 2201 1204 2244 vaporum

1103 2271 1204 2300 con-
