1519 2729
523 161 777 221 (121)

62 344 64 347 ,
100 307 162 347 ob
214 306 272 346 rei
315 305 550 359 gravitatem
587 315 628 344 et
667 302 814 344 claram
854 297 1220 341 Mendelidie

100 374 386 429 philosophiae
414 375 609 415 rationem
626 403 639 422 ‚
668 372 801 412 adhuc
832 369 1024 424 quaedam
1053 367 1225 415 dicenda

98 445 232 485 essent
247 445 296 486 de
324 445 475 493 mod0,
507 457 591 496 quo
617 444 734 484 hicce
765 440 1040 494 Philosophus
1062 450 1115 480 ex
1137 437 1222 480 offi-

103 515 171 556 cio
199 513 367 555 alterius
381 514 564 568 perfecto
591 515 656 568 jus
687 513 939 565 derivaverit.

594 654 620 707 ς
650 652 724 695 1v.

157 792 465 837 MENDELIDIS
505 793 555 834 de
598 790 739 848 officiis
767 788 975 845 perfectis
1007 799 1053 832 et
1091 789 1167 831 im-

433 862 641 919 perfectis
662 860 894 918 sententia.

163 999 366 1043 Adversus
391 1001 497 1055 Juris
524 1013 574 1043 ex
595 1000 759 1042 alterius
775 1000 911 1041 officio
940 999 1226 1040 deductionem

100 1071 234 1112 multa
247 1072 368 1112 dubia
384 1082 492 1112 mota
507 1070 616 1120 sunt,
648 1083 820 1124 quorum
835 1069 996 1123 quidem
1014 1069 1227 1122 praecipu-

38 1135 40 1138 ’
101 1153 171 1188 um
200 1153 283 1190 est,
315 1142 452 1195 quod,
483 1154 578 1182 cum
607 1141 859 1196 obligatione
884 1139 1051 1180 alterius
1078 1139 1228 1178 nitatur

2 2013 6 2032 2

4 2100 8 2119 l

8 2199 46 2235 is·

10 2301 13 2334 ἱ

11 2337 14 2362 i

102 1222 239 1252 meum
251 1211 316 1265 jus
333 1241 346 1260 ,
377 1210 538 1252 necesse
555 1210 622 1265 fit,
660 1223 705 1252 ut
720 1241 733 1261 ‚
766 1212 792 1253 fi
820 1223 952 1250 veram
966 1220 1103 1249 notam
1120 1206 1228 1247 obli-

100 1281 282 1333 gationis
309 1281 513 1334 perfectae
538 1270 902 1322 naneiscivelimus
918 1309 932 1329 ,
962 1279 1014 1319 ad
1036 1278 1122 1331 ejus
1136 1276 1229 1318 sun-

65 1345 68 1348 ’
107 1348 368 1399 dammum,
400 1351 449 1391 ad
479 1363 611 1390 meum
643 1350 798 1391 scilicet
823 1350 912 1404 jus,
942 1346 1227 1389 recurrendum

104 1420 224 1476 uobis
251 1420 325 1469 sit,
358 1422 435 1462 five
462 1421 512 1461 ad
527 1420 650 1473 ipsam
667 1420 804 1472 illius,
837 1420 978 1473 cuijus
995 1417 1227 1470 competit,

104 1488 410 1545 ¹conscientiam.
470 1487 565 1530 Hoc
591 1491 753 1544 egregie
775 1489 918 1544 effugit
947 1488 1072 1530 Men
1088 1486 1177 1526 del
1195 1487 1226 1525 i-

105 1559 226 1607 des,
247 1559 404 1607 ,relatae
429 1559 529 1614 juris
545 1559 800 1616 deductionis
814 1560 1062 1601 acutisfimus
1089 1555 1228 1597 defen-

106 1629 391 1678 sor‚statuen5‚
407 1632 566 1683 notam,
583 1630 759 1671 officium
775 1629 1002 1683 perfectum
1016 1627 1066 1667 ab
1081 1627 1228 1679 imper-

106 1699 220 1740 fecto
248 1700 584 1754 distinguentem,
617 1700 698 1739 dari
728 1698 878 1752 posse,
910 1711 988 1751 qua
1013 1708 1096 1736 non
1124 1707 1229 1748 opus

106 1781 198 1818 cst,
227 1781 272 1810 ut
299 1780 523 1809 recurratur
549 1768 599 1808 ad
625 1767 689 1821 jus
719 1767 856 1816 illius,
902 1769 967 1808 cui
1005 1767 1104 1808 licet
1130 1765 1230 1807 alte-

106 1852 195 1879 rum
239 1839 279 1877 vi
306 1838 688 1895 adhibitascogerffi
720 1848 764 1878 ut
794 1838 969 1879 officium
1003 1838 1114 1878 suum
1138 1849 1230 1890 per-

104 1909 262 1951 sectum
294 1908 463 1960 praestet
501 1906 595 1961 (ι).
661 1907 817 1961 ·Leges
848 1909 954 1949 enim
991 1907 1229 1960 sapientiae,

106 1979 260 2030 inquit,
305 1990 344 2017 et
372 1978 562 2017 bonitatis
580 2009 592 2027 ‚
638 1989 659 2016 e
688 1978 836 2030 quibus
882 1978 1110 2030 conjunctis
1151 1977 1232 2018 ori-

107 2058 171 2090 tur
204 2048 381 2103 justitia,
427 2048 655 2102 quibusque
696 2048 819 2102 igitur
848 2047 913 2102 jus
942 2048 1111 2097 nititur,
1143 2058 1230 2088 tan-

106 2113 111 2117 ’
1109 2127 1228 2172 quam

149 2190 213 2237 (1)
236 2194 336 2228 Conf.
360 2194 584 2229 Dullert.
607 2196 630 2229 1.
660 2196 681 2229 Ι.
709 2204 743 2246 p.
773 2197 828 2242 36.
