1519 2729
529 144 838 210 '(¹03>

136 287 395 330 subiectivam
425 289 629 330 veritatem
660 291 729 344 qui
757 297 907 347 negat,
952 301 1045 335 eum
1084 301 1126 334 et
1149 290 1264 351 leges

134 358 340 412 cogitandi
371 368 412 399 et
442 357 668 401 mandatum
710 362 877 402 rationis
917 363 1126 416 practicae
1157 375 1259 406 caet.

133 438 278 482 negare
306 438 496 481 oportet,
541 441 624 482 quo
653 428 792 481 facto,
823 430 934 472 nulla
958 432 1006 473 de
1033 445 1077 474 re
1106 433 1145 474 ei
1160 445 1259 476 con·

131 496 229 538 stare
255 510 442 552 umquam
469 499 635 552 poterit.

153 586 156 590 Δ
189 565 288 609 Non
315 579 375 608 est
401 570 551 624 igitur,
593 567 707 622 quod
735 567 916 612 dubitem
944 570 1159 624 affirmare,
1199 573 1261 616 fa·-

122 637 304 678 cultates
347 637 524 680 hominis
560 637 774 681 rationales
807 651 847 681 et
891 641 1095 693 morales,
1138 641 1260 685 talem

132 708 253 748 nobis
282 706 473 748 exhibere
502 708 784 751 certitudinem
826 709 1086 754 subiectivam
1103 744 1116 765 ,
1161 718 1268 766 quad

130 773 210 818 lem
237 775 286 817 de
314 776 397 829 ipsa
422 777 658 819 facultatum
687 779 908 823 nostrarum
936 783 1149 824 existentia
1187 783 1257 824 ha·

129 845 299 897 bemus;
331 859 420 888 nam
451 844 476 890 {i
506 849 630 890 modo
670 860 737 890 eas
763 849 1053 905 adhibeamus,
1082 848 1105 893 a
1137 853 1258 896 nobis

124 914 263 956 abesse
290 918 430 969 nequit
457 917 656 970 persuasio
684 917 767 959 illa.

183 983 265 1026 Vix
294 997 398 1038 opus
425 987 501 1027 erit
528 998 719 1036 monere,
762 988 1063 1032 hanc‘nostram
1093 990 1255 1045 persua·

125 1053 275 1095 fionem
294 1055 446 1096 firmam
473 1055 598 1110 longe
628 1055 853 1111 discrepare
883 1072 905 1100 a
923 1057 1049 1115 sensu
1078 1072 1146 1102 aut
1167 1061 1255 1103 sen-

68 1115 72 1120 ’
126 1123 237 1166 suum
268 1124 355 1165 lusu
386 1136 453 1166 aut
485 1126 802 1180 imaginatione,
846 1142 948 1183 quae
977 1132 1165 1174 nimirum
1193 1145 1257 1173 ra·

125 1195 248 1235 tionis
275 1193 571 1249 indagationem
598 1194 703 1237 ferre
730 1209 813 1239 non
847 1200 1045 1252 possunt,
1089 1215 1165 1245 nec
1194 1213 1256 1243 et·

122 1264 200 1304 iam
229 1265 407 1306 veritatis
431 1265 594 1321 nomine
621 1266 798 1321 insigniri
826 1281 1042 1313 merentur.

181 1329 298 1373 Hanc
339 1322 422 1380 esse
461 1335 543 1374 vim
581 1333 736 1376 nostrae
772 1342 1109 1392 argumentationi
1149 1342 1255 1383 iuste

122 1400 373 1456 tribuendam
394 1403 596 1453 arbitror,
628 1417 704 1446 nec
733 1417 864 1448 tamen
893 1409 1091 1459 diffiteor,
1133 1425 1251 1466 argu-

123 1482 283 1520 menta,
315 1484 390 1525 pro
406 1474 512 1514 varia
534 1473 743 1515 hominum
760 1477 1025 1528 conditione,
1057 1480 1257 1540 diversam·

121 1540 268 1582 habere
296 1543 377 1583 vim
399 1542 658 1597 persuadendi
682 1546 722 1585 in
746 1558 899 1588 mentes
926 1549 1168 1602 hominumz,
1195 1554 1257 1609 ita·

119 1612 226 1651 enim
242 1613 342 1664 qui,
368 1615 547 1666 practica
561 1615 717 1656 ratione
746 1617 954 1672 neglecta,
982 1620 1256 1664 theoreticam

119 1679 330 1730 excoluit,
358 1684 549 1724 maiorem
565 1685 645 1724 vim
672 1685 812 1726 tribuit
826 1691 1072 1742 argumentis
1089 1691 1249 1733 theore-

120 1750 241 1800 eicis,
284 1752 354 1804 qui
382 1751 641 1794 facultatibus
671 1755 892 1798 moralibus
920 1759 1125 1812 praeclare
1151 1774 1248 1817 gau-

119 1818 209 1868 det,
239 1818 482 1874 argumentis
509 1836 531 1863 e
561 1824 704 1866 morali
736 1826 1114 1871 hominum'natura
1141 1830 1247 1873 sum-

120 1889 170 1929 tis
200 1886 391 1931 maiorem
417 1890 706 1943 persuasionem
736 1897 862 1937 inesse
880 1886 1123 1949 arbitraturt,
1152 1900 1247 1956 dum

120 1957 247 1999 homo
289 1959 503 2010 incultus,
538 1964 608 2016 qui
645 1975 667 2004 a
708 1965 996 2008 consuetudine
1031 1968 1246 2014 oculorum

118 2040 293 2070 mentem
331 2030 530 2072 abducere
546 2062 559 2081 ,
605 2043 772 2088 eamque
799 2035 849 2076 ad
872 2035 1084 2080 abstractas
1107 2038 1256 2083 notio?

117 2101 189 2139 n'es
228 2111 269 2140 et
297 2100 346 2140 ad
372 2103 546 2143 animum
575 2104 930 2159 contemplandum
959 2109 1130 2151 evehere
1162 2124 1246 2153 non

118 2179 282 2223 potest,
323 2170 473 2214 nullam
518 2174 599 2216 vim
641 2173 770 2216 inesse
806 2184 923 2230 putat
949 2177 1254 2225 in'subiectiva'

193 2248 198 2254 '
1177 2263 1246 2293 ve-
