<?xml version="1.0" encoding="UTF-8"?>
<!DOCTYPE html PUBLIC "-//W3C//DTD XHTML 1.0 Transitional//EN"
    "http://www.w3.org/TR/xhtml1/DTD/xhtml1-transitional.dtd">
<html xmlns="http://www.w3.org/1999/xhtml" xml:lang="en" lang="en">
 <head>
  <title>
</title>
<meta http-equiv="Content-Type" content="text/html;charset=utf-8" />
  <meta name='ocr-system' content='tesseract 3.04.00' />
  <meta name='ocr-capabilities' content='ocr_page ocr_carea ocr_par ocr_line ocrx_word'/>
</head>
<body>
  <div class='ocr_page' id='page_1' title='image "annalesacademiae22acad_1094.png"; bbox 0 0 1519 2729; ppageno 0'>
   <div class='ocr_carea' id='block_1_1' title="bbox 688 123 938 221">
    <p class='ocr_par' dir='ltr' id='par_1_1' title="bbox 688 123 938 221">
     <span class='ocr_line' id='line_1_1' title="bbox 688 123 938 221; baseline 0.008 -53"><span class='ocrx_word' id='word_1_1' title='bbox 688 123 716 180; x_wconf 85' lang='lat'>(</span> <span class='ocrx_word' id='word_1_2' title='bbox 778 126 856 169; x_wconf 86' lang='lat'><strong>106</strong></span> <span class='ocrx_word' id='word_1_3' title='bbox 891 133 938 221; x_wconf 26' lang='lat' dir='ltr'><strong>³t)</strong></span> 
     </span>
    </p>
   </div>
   <div class='ocr_carea' id='block_1_2' title="bbox 257 254 1373 1015">
    <p class='ocr_par' dir='ltr' id='par_1_2' title="bbox 257 254 1373 1015">
     <span class='ocr_line' id='line_1_2' title="bbox 266 254 1371 320; baseline 0.005 -20"><span class='ocrx_word' id='word_1_4' title='bbox 266 254 444 310; x_wconf 71' lang='lat' dir='ltr'><strong>morata,</strong></span> <span class='ocrx_word' id='word_1_5' title='bbox 503 264 561 303; x_wconf 90' lang='lat' dir='ltr'><strong>uti</strong></span> <span class='ocrx_word' id='word_1_6' title='bbox 600 260 687 303; x_wconf 88' lang='lat' dir='ltr'><strong>sunt</strong></span> <span class='ocrx_word' id='word_1_7' title='bbox 723 276 856 305; x_wconf 90' lang='lat' dir='ltr'><strong>motus</strong></span> <span class='ocrx_word' id='word_1_8' title='bbox 903 263 1149 315; x_wconf 76' lang='lat' dir='ltr'><strong>convulsivi,</strong></span> <span class='ocrx_word' id='word_1_9' title='bbox 1190 264 1371 320; x_wconf 80' lang='lat' dir='ltr'><strong>pupillae</strong></span> 
     </span>
     <span class='ocr_line' id='line_1_3' title="bbox 264 331 1370 389; baseline 0.005 -19"><span class='ocrx_word' id='word_1_10' title='bbox 264 331 528 372; x_wconf 81' lang='lat' dir='ltr'>immobilitas</span> <span class='ocrx_word' id='word_1_11' title='bbox 577 344 687 383; x_wconf 81' lang='lat' dir='ltr'><strong>etc.;</strong></span> <span class='ocrx_word' id='word_1_12' title='bbox 729 345 797 375; x_wconf 86' lang='lat' dir='ltr'><strong>aut</strong></span> <span class='ocrx_word' id='word_1_13' title='bbox 833 336 996 376; x_wconf 88' lang='lat' dir='ltr'>morbos</span> <span class='ocrx_word' id='word_1_14' title='bbox 1052 346 1159 388; x_wconf 19' lang='lat' dir='ltr'><strong>typo!</strong></span> <span class='ocrx_word' id='word_1_15' title='bbox 1198 334 1370 389; x_wconf 82' lang='lat' dir='ltr'><strong>regulari</strong></span> 
     </span>
     <span class='ocr_line' id='line_1_4' title="bbox 262 401 1368 456; baseline 0.005 -17"><span class='ocrx_word' id='word_1_16' title='bbox 262 401 432 441; x_wconf 81' lang='lat' dir='ltr'><strong>reddunt</strong></span> <span class='ocrx_word' id='word_1_17' title='bbox 469 403 731 456; x_wconf 81' lang='lat' dir='ltr'>irregulares,</span> <span class='ocrx_word' id='word_1_18' title='bbox 771 406 831 445; x_wconf 90' lang='lat' dir='ltr'><strong>uti</strong></span> <span class='ocrx_word' id='word_1_19' title='bbox 871 405 957 446; x_wconf 87' lang='lat' dir='ltr'><strong>sunt</strong></span> <span class='ocrx_word' id='word_1_20' title='bbox 995 405 1128 446; x_wconf 78' lang='lat' dir='ltr'><strong>febres</strong></span> <span class='ocrx_word' id='word_1_21' title='bbox 1170 405 1368 445; x_wconf 82' lang='lat' dir='ltr'><strong>intermit-</strong></span> 
     </span>
     <span class='ocr_line' id='line_1_5' title="bbox 261 470 1367 525; baseline 0.006 -17"><span class='ocrx_word' id='word_1_22' title='bbox 261 480 405 511; x_wconf 78' lang='lat' dir='ltr'><strong>tentes.</strong></span> <span class='ocrx_word' id='word_1_23' title='bbox 463 470 557 513; x_wconf 89' lang='lat' dir='ltr'><strong>Hoc</strong></span> <span class='ocrx_word' id='word_1_24' title='bbox 584 485 715 514; x_wconf 83' lang='lat' dir='ltr'><strong>autem</strong></span> <span class='ocrx_word' id='word_1_25' title='bbox 742 475 884 515; x_wconf 85' lang='lat' dir='ltr'><strong>mirum</strong></span> <span class='ocrx_word' id='word_1_26' title='bbox 922 487 1003 515; x_wconf 90' lang='lat' dir='ltr'><strong>non</strong></span> <span class='ocrx_word' id='word_1_27' title='bbox 1040 487 1121 523; x_wconf 80' lang='lat' dir='ltr'><strong>est,</strong></span> <span class='ocrx_word' id='word_1_28' title='bbox 1161 487 1279 525; x_wconf 84' lang='lat' dir='ltr'><strong>nam,</strong></span> <span class='ocrx_word' id='word_1_29' title='bbox 1323 486 1367 515; x_wconf 89' lang='lat' dir='ltr'><strong>ut</strong></span> 
     </span>
     <span class='ocr_line' id='line_1_6' title="bbox 260 539 1371 597; baseline 0.005 -19"><span class='ocrx_word' id='word_1_30' title='bbox 260 539 440 589; x_wconf 72' lang='lat' dir='ltr'><strong>constat,</strong></span> <span class='ocrx_word' id='word_1_31' title='bbox 486 541 647 594; x_wconf 85' lang='lat' dir='ltr'>plurimi</span> <span class='ocrx_word' id='word_1_32' title='bbox 676 543 860 583; x_wconf 88' lang='lat' dir='ltr'><strong>homines</strong></span> <span class='ocrx_word' id='word_1_33' title='bbox 891 555 931 583; x_wconf 90' lang='lat' dir='ltr'><strong>et</strong></span> <span class='ocrx_word' id='word_1_34' title='bbox 967 545 1163 597; x_wconf 83' lang='lat' dir='ltr'>imprimis</span> <span class='ocrx_word' id='word_1_35' title='bbox 1198 544 1371 584; x_wconf 84' lang='lat' dir='ltr'><strong>infantes</strong></span> 
     </span>
     <span class='ocr_line' id='line_1_7' title="bbox 261 611 1370 666; baseline 0.004 -18"><span class='ocrx_word' id='word_1_36' title='bbox 261 621 397 649; x_wconf 82' lang='lat' dir='ltr'><strong>nostra</strong></span> <span class='ocrx_word' id='word_1_37' title='bbox 425 611 464 650; x_wconf 88' lang='lat' dir='ltr'><strong>in</strong></span> <span class='ocrx_word' id='word_1_38' title='bbox 490 613 616 664; x_wconf 85' lang='lat' dir='ltr'><strong>patria</strong></span> <span class='ocrx_word' id='word_1_39' title='bbox 641 612 724 652; x_wconf 82' lang='lat' dir='ltr'><strong>fere</strong></span> <span class='ocrx_word' id='word_1_40' title='bbox 752 612 908 666; x_wconf 82' lang='lat' dir='ltr'><strong>semper</strong></span> <span class='ocrx_word' id='word_1_41' title='bbox 940 625 1095 654; x_wconf 83' lang='lat' dir='ltr'><strong>vermes</strong></span> <span class='ocrx_word' id='word_1_42' title='bbox 1132 613 1370 662; x_wconf 85' lang='lat' dir='ltr'><strong>continent,</strong></span> 
     </span>
     <span class='ocr_line' id='line_1_8' title="bbox 262 680 1371 737; baseline 0.007 -17"><span class='ocrx_word' id='word_1_43' title='bbox 262 692 414 732; x_wconf 75' lang='lat' dir='ltr'><strong>quare,</strong></span> <span class='ocrx_word' id='word_1_44' title='bbox 468 680 494 720; x_wconf 86' lang='lat' dir='ltr'>fi</span> <span class='ocrx_word' id='word_1_45' title='bbox 559 681 734 733; x_wconf 83' lang='lat' dir='ltr'><strong>quodam</strong></span> <span class='ocrx_word' id='word_1_46' title='bbox 776 682 921 723; x_wconf 88' lang='lat' dir='ltr'><strong>morbo</strong></span> <span class='ocrx_word' id='word_1_47' title='bbox 970 686 1270 737; x_wconf 85' lang='lat' dir='ltr'><strong>corripiuntur,</strong></span> <span class='ocrx_word' id='word_1_48' title='bbox 1324 686 1371 728; x_wconf 85' lang='lat' dir='ltr'><strong>fi·</strong></span> 
     </span>
     <span class='ocr_line' id='line_1_9' title="bbox 259 748 1371 807; baseline 0.008 -20"><span class='ocrx_word' id='word_1_49' title='bbox 259 749 343 789; x_wconf 66' lang='lat' dir='ltr'><strong>mut</strong></span> <span class='ocrx_word' id='word_1_50' title='bbox 380 748 484 789; x_wconf 83' lang='lat' dir='ltr'><strong>haud</strong></span> <span class='ocrx_word' id='word_1_51' title='bbox 512 762 604 790; x_wconf 79' lang='lat' dir='ltr'><strong>raro</strong></span> <span class='ocrx_word' id='word_1_52' title='bbox 644 750 787 792; x_wconf 88' lang='lat' dir='ltr'><strong>horum</strong></span> <span class='ocrx_word' id='word_1_53' title='bbox 834 752 1036 805; x_wconf 82' lang='lat' dir='ltr'><strong>prodeunt</strong></span> <span class='ocrx_word' id='word_1_54' title='bbox 1075 754 1371 807; x_wconf 80' lang='lat' dir='ltr'>symptomata,</span> 
     </span>
     <span class='ocr_line' id='line_1_10' title="bbox 257 821 1373 876; baseline 0.007 -19"><span class='ocrx_word' id='word_1_55' title='bbox 257 827 378 870; x_wconf 76' lang='lat' dir='ltr'><strong>atque</strong></span> <span class='ocrx_word' id='word_1_56' title='bbox 401 831 452 859; x_wconf 88' lang='lat' dir='ltr'><strong>eo</strong></span> <span class='ocrx_word' id='word_1_57' title='bbox 480 821 632 874; x_wconf 68' lang='lat' dir='ltr'><strong>magss,</strong></span> <span class='ocrx_word' id='word_1_58' title='bbox 679 834 761 875; x_wconf 93' lang='lat' dir='ltr'><strong>quo</strong></span> <span class='ocrx_word' id='word_1_59' title='bbox 791 822 918 876; x_wconf 84' lang='lat' dir='ltr'><strong>major</strong></span> <span class='ocrx_word' id='word_1_60' title='bbox 946 823 1060 864; x_wconf 80' lang='lat' dir='ltr'><strong>causa</strong></span> <span class='ocrx_word' id='word_1_61' title='bbox 1100 823 1284 865; x_wconf 86' lang='lat' dir='ltr'><strong>afferatur</strong></span> <span class='ocrx_word' id='word_1_62' title='bbox 1322 823 1373 865; x_wconf 83' lang='lat' dir='ltr'><strong>ad</strong></span> 
     </span>
     <span class='ocr_line' id='line_1_11' title="bbox 258 885 1371 946; baseline 0.008 -21"><span class='ocrx_word' id='word_1_63' title='bbox 258 885 355 926; x_wconf 81' lang='lat' dir='ltr'><strong>illos</strong></span> <span class='ocrx_word' id='word_1_64' title='bbox 391 887 668 933; x_wconf 76' lang='lat' dir='ltr'><strong>evolvendos,</strong></span> <span class='ocrx_word' id='word_1_65' title='bbox 713 891 953 945; x_wconf 86' lang='lat' dir='ltr'><strong>quandoque</strong></span> <span class='ocrx_word' id='word_1_66' title='bbox 995 904 1126 933; x_wconf 85' lang='lat' dir='ltr'><strong>autem</strong></span> <span class='ocrx_word' id='word_1_67' title='bbox 1163 891 1371 946; x_wconf 85' lang='lat' dir='ltr'><strong>expellun-</strong></span> 
     </span>
     <span class='ocr_line' id='line_1_12' title="bbox 259 959 1276 1015; baseline 0.008 -19"><span class='ocrx_word' id='word_1_68' title='bbox 259 966 326 997; x_wconf 79' lang='lat' dir='ltr'><strong>tur</strong></span> <span class='ocrx_word' id='word_1_69' title='bbox 350 969 536 1009; x_wconf 81' lang='lat' dir='ltr'><strong>vermeS‚</strong></span> <span class='ocrx_word' id='word_1_70' title='bbox 564 960 710 1001; x_wconf 91' lang='lat' dir='ltr'><strong>morbo</strong></span> <span class='ocrx_word' id='word_1_71' title='bbox 740 971 823 1001; x_wconf 90' lang='lat' dir='ltr'><strong>uno</strong></span> <span class='ocrx_word' id='word_1_72' title='bbox 851 959 1029 1002; x_wconf 83' lang='lat' dir='ltr'><strong>alterove</strong></span> <span class='ocrx_word' id='word_1_73' title='bbox 1056 963 1276 1015; x_wconf 84' lang='lat' dir='ltr'><strong>praesente.</strong></span> 
     </span>
    </p>
   </div>
   <div class='ocr_carea' id='block_1_3' title="bbox 709 1099 935 1154">
    <p class='ocr_par' dir='ltr' id='par_1_3' title="bbox 709 1099 935 1154">
     <span class='ocr_line' id='line_1_13' title="bbox 709 1099 935 1154; baseline 0.004 -12"><span class='ocrx_word' id='word_1_74' title='bbox 709 1101 734 1154; x_wconf 84' lang='lat'>§</span> <span class='ocrx_word' id='word_1_75' title='bbox 763 1099 935 1143; x_wconf 84' lang='lat' dir='ltr'><strong>LXXV.</strong></span> 
     </span>
    </p>
   </div>
   <div class='ocr_carea' id='block_1_4' title="bbox 254 1238 1371 1716">
    <p class='ocr_par' dir='ltr' id='par_1_4' title="bbox 254 1238 1371 1716">
     <span class='ocr_line' id='line_1_14' title="bbox 319 1238 1371 1297; baseline 0.003 -17"><span class='ocrx_word' id='word_1_76' title='bbox 319 1238 544 1282; x_wconf 84' lang='lat' dir='ltr'><strong>Senfih&#39;oris</strong></span> <span class='ocrx_word' id='word_1_77' title='bbox 586 1253 717 1297; x_wconf 69' lang='lat' dir='ltr'><strong>autem</strong></span> <span class='ocrx_word' id='word_1_78' title='bbox 759 1242 980 1294; x_wconf 83' lang='lat' dir='ltr'><strong>systematis</strong></span> <span class='ocrx_word' id='word_1_79' title='bbox 1016 1244 1152 1283; x_wconf 84' lang='lat' dir='ltr'><strong>nervei</strong></span> <span class='ocrx_word' id='word_1_80' title='bbox 1187 1242 1371 1283; x_wconf 86' lang='lat' dir='ltr'><strong>homines</strong></span> 
     </span>
     <span class='ocr_line' id='line_1_15' title="bbox 258 1308 1368 1366; baseline 0.005 -18"><span class='ocrx_word' id='word_1_81' title='bbox 258 1308 496 1364; x_wconf 75' lang='lat' dir='ltr'><strong>plerumque</strong></span> <span class='ocrx_word' id='word_1_82' title='bbox 522 1310 740 1352; x_wconf 86' lang='lat' dir='ltr'><strong>violentius</strong></span> <span class='ocrx_word' id='word_1_83' title='bbox 769 1325 791 1352; x_wconf 87' lang='lat' dir='ltr'>a</span> <span class='ocrx_word' id='word_1_84' title='bbox 818 1312 1020 1353; x_wconf 81' lang='lat' dir='ltr'><strong>vermibus</strong></span> <span class='ocrx_word' id='word_1_85' title='bbox 1039 1324 1230 1354; x_wconf 79' lang='lat' dir='ltr'><strong>vexantur</strong></span> <span class='ocrx_word' id='word_1_86' title='bbox 1250 1325 1368 1366; x_wconf 85' lang='lat' dir='ltr'><strong>quam</strong></span> 
     </span>
     <span class='ocr_line' id='line_1_16' title="bbox 256 1377 1367 1434; baseline 0.004 -18"><span class='ocrx_word' id='word_1_87' title='bbox 256 1377 417 1431; x_wconf 81' lang='lat' dir='ltr'><strong>reliqui.</strong></span> <span class='ocrx_word' id='word_1_88' title='bbox 477 1378 571 1421; x_wconf 89' lang='lat' dir='ltr'><strong>Hoc</strong></span> <span class='ocrx_word' id='word_1_89' title='bbox 598 1382 771 1434; x_wconf 84' lang='lat' dir='ltr'><strong>probant</strong></span> <span class='ocrx_word' id='word_1_90' title='bbox 797 1381 1102 1423; x_wconf 85' lang='lat' dir='ltr'><strong>constitutiones</strong></span> <span class='ocrx_word' id='word_1_91' title='bbox 1145 1381 1367 1433; x_wconf 79' lang='lat' dir='ltr'><strong>hyster-icae</strong></span> 
     </span>
     <span class='ocr_line' id='line_1_17' title="bbox 256 1447 1366 1504; baseline 0.005 -19"><span class='ocrx_word' id='word_1_92' title='bbox 256 1458 299 1486; x_wconf 86' lang='lat' dir='ltr'><strong>ct</strong></span> <span class='ocrx_word' id='word_1_93' title='bbox 322 1447 730 1500; x_wconf 83' lang='lat' dir='ltr'><strong>hypochondriacae,</strong></span> <span class='ocrx_word' id='word_1_94' title='bbox 761 1451 867 1504; x_wconf 85' lang='lat' dir='ltr'><strong>apud</strong></span> <span class='ocrx_word' id='word_1_95' title='bbox 893 1465 990 1504; x_wconf 78' lang='lat' dir='ltr'><strong>quas</strong></span> <span class='ocrx_word' id='word_1_96' title='bbox 1013 1453 1211 1492; x_wconf 86' lang='lat' dir='ltr'><strong>viseerum</strong></span> <span class='ocrx_word' id='word_1_97' title='bbox 1239 1450 1366 1491; x_wconf 79' lang='lat' dir='ltr'>abdo-</span> 
     </span>
     <span class='ocr_line' id='line_1_18' title="bbox 254 1515 1366 1576; baseline 0.005 -22"><span class='ocrx_word' id='word_1_98' title='bbox 254 1515 461 1557; x_wconf 79' lang='lat' dir='ltr'><strong>minalium</strong></span> <span class='ocrx_word' id='word_1_99' title='bbox 489 1517 710 1567; x_wconf 76' lang='lat' dir='ltr'><strong>mfarctus,</strong></span> <span class='ocrx_word' id='word_1_100' title='bbox 741 1533 785 1561; x_wconf 89' lang='lat' dir='ltr'><strong>ut</strong></span> <span class='ocrx_word' id='word_1_101' title='bbox 808 1520 1025 1573; x_wconf 89' lang='lat' dir='ltr'><strong>plurimum</strong></span> <span class='ocrx_word' id='word_1_102' title='bbox 1051 1532 1272 1576; x_wconf 77' lang='lat' dir='ltr'><strong>augentur2,</strong></span> <span class='ocrx_word' id='word_1_103' title='bbox 1303 1520 1366 1560; x_wconf 92' lang='lat' dir='ltr'><strong>his</strong></span> 
     </span>
     <span class='ocr_line' id='line_1_19' title="bbox 254 1583 1363 1641; baseline 0.007 -17"><span class='ocrx_word' id='word_1_104' title='bbox 254 1583 490 1626; x_wconf 79' lang='lat' dir='ltr'><strong>affectiones</strong></span> <span class='ocrx_word' id='word_1_105' title='bbox 521 1587 743 1639; x_wconf 87' lang='lat' dir='ltr'><strong>systematis</strong></span> <span class='ocrx_word' id='word_1_106' title='bbox 780 1592 960 1632; x_wconf 87' lang='lat' dir='ltr'><strong>motricis</strong></span> <span class='ocrx_word' id='word_1_107' title='bbox 995 1592 1226 1633; x_wconf 76' lang='lat' dir='ltr'><strong>intenffores</strong></span> <span class='ocrx_word' id='word_1_108' title='bbox 1254 1590 1363 1641; x_wconf 86' lang='lat' dir='ltr'><strong>sunt,</strong></span> 
     </span>
     <span class='ocr_line' id='line_1_20' title="bbox 254 1659 1124 1716; baseline 0.005 -18"><span class='ocrx_word' id='word_1_109' title='bbox 254 1660 393 1710; x_wconf 82' lang='lat' dir='ltr'><strong>prouti</strong></span> <span class='ocrx_word' id='word_1_110' title='bbox 418 1659 590 1714; x_wconf 82' lang='lat' dir='ltr'><strong>spasmi‚</strong></span> <span class='ocrx_word' id='word_1_111' title='bbox 622 1661 928 1711; x_wconf 82' lang='lat' dir='ltr'><strong>convulfiones,</strong></span> <span class='ocrx_word' id='word_1_112' title='bbox 957 1661 1124 1716; x_wconf 87' lang='lat' dir='ltr'><strong>reliqua.</strong></span> 
     </span>
    </p>
   </div>
   <div class='ocr_carea' id='block_1_5' title="bbox 690 1762 936 1854">
    <p class='ocr_par' dir='ltr' id='par_1_5' title="bbox 690 1762 936 1854">
     <span class='ocr_line' id='line_1_21' title="bbox 690 1762 936 1854; baseline -0.004 -11"><span class='ocrx_word' id='word_1_113' title='bbox 690 1797 714 1854; x_wconf 85' lang='lat'><em>§</em></span> <span class='ocrx_word' id='word_1_114' title='bbox 743 1762 936 1843; x_wconf 63' lang='lat' dir='ltr'>LXXVI.</span> 
     </span>
    </p>
   </div>
   <div class='ocr_carea' id='block_1_6' title="bbox 253 1936 1362 2134">
    <p class='ocr_par' dir='ltr' id='par_1_6' title="bbox 253 1936 1362 2134">
     <span class='ocr_line' id='line_1_22' title="bbox 311 1936 1361 1995; baseline 0.003 -16"><span class='ocrx_word' id='word_1_115' title='bbox 311 1936 545 1980; x_wconf 84' lang='lat' dir='ltr'><strong>Dolendum</strong></span> <span class='ocrx_word' id='word_1_116' title='bbox 577 1937 743 1980; x_wconf 78' lang='lat' dir='ltr'><strong>omnino</strong></span> <span class='ocrx_word' id='word_1_117' title='bbox 769 1940 939 1993; x_wconf 78' lang='lat' dir='ltr'><strong>plurima</strong></span> <span class='ocrx_word' id='word_1_118' title='bbox 967 1940 1058 1981; x_wconf 79' lang='lat' dir='ltr'><strong>talia</strong></span> <span class='ocrx_word' id='word_1_119' title='bbox 1083 1941 1215 1982; x_wconf 81' lang='lat' dir='ltr'><strong>adesse</strong></span> <span class='ocrx_word' id='word_1_120' title='bbox 1231 1941 1361 1995; x_wconf 86' lang='lat' dir='ltr'><strong>symp-</strong></span> 
     </span>
     <span class='ocr_line' id='line_1_23' title="bbox 254 2009 1362 2065; baseline 0.006 -20"><span class='ocrx_word' id='word_1_121' title='bbox 254 2017 404 2048; x_wconf 78' lang='lat' dir='ltr'><strong>tomata</strong></span> <span class='ocrx_word' id='word_1_122' title='bbox 452 2009 700 2063; x_wconf 80' lang='lat' dir='ltr'><strong>gravisfima‚</strong></span> <span class='ocrx_word' id='word_1_123' title='bbox 743 2009 895 2051; x_wconf 82' lang='lat' dir='ltr'><strong>nullum</strong></span> <span class='ocrx_word' id='word_1_124' title='bbox 939 2023 1037 2051; x_wconf 90' lang='lat' dir='ltr'><strong>vero</strong></span> <span class='ocrx_word' id='word_1_125' title='bbox 1084 2011 1235 2065; x_wconf 78' lang='lat' dir='ltr'><strong>signum</strong></span> <span class='ocrx_word' id='word_1_126' title='bbox 1269 2012 1362 2052; x_wconf 88' lang='lat' dir='ltr'>cha-</span> 
     </span>
     <span class='ocr_line' id='line_1_24' title="bbox 253 2079 1360 2134; baseline 0.005 -18"><span class='ocrx_word' id='word_1_127' title='bbox 253 2079 572 2129; x_wconf 82' lang='lat' dir='ltr'><strong>racteristicum,</strong></span> <span class='ocrx_word' id='word_1_128' title='bbox 617 2092 700 2133; x_wconf 90' lang='lat' dir='ltr'><strong>quo</strong></span> <span class='ocrx_word' id='word_1_129' title='bbox 739 2081 932 2120; x_wconf 89' lang='lat' dir='ltr'><strong>vermium</strong></span> <span class='ocrx_word' id='word_1_130' title='bbox 976 2081 1194 2134; x_wconf 66' lang='lat' dir='ltr'><strong>praesentia</strong></span> <span class='ocrx_word' id='word_1_131' title='bbox 1233 2081 1360 2122; x_wconf 83' lang='lat' dir='ltr'><strong>deter-</strong></span> 
     </span>
    </p>
   </div>
   <div class='ocr_carea' id='block_1_7' title="bbox 255 2149 1361 2260">
    <p class='ocr_par' dir='ltr' id='par_1_7' title="bbox 255 2149 1361 2260">
     <span class='ocr_line' id='line_1_25' title="bbox 255 2149 1361 2205; baseline 0.003 -17"><span class='ocrx_word' id='word_1_132' title='bbox 255 2149 455 2200; x_wconf 85' lang='lat' dir='ltr'><strong>minetur,</strong></span> <span class='ocrx_word' id='word_1_133' title='bbox 510 2150 579 2192; x_wconf 83' lang='lat' dir='ltr'><strong>nifi</strong></span> <span class='ocrx_word' id='word_1_134' title='bbox 645 2161 799 2191; x_wconf 84' lang='lat' dir='ltr'><strong>vermes</strong></span> <span class='ocrx_word' id='word_1_135' title='bbox 854 2150 924 2205; x_wconf 76' lang='lat' dir='ltr'>ipsi</span> <span class='ocrx_word' id='word_1_136' title='bbox 989 2150 1138 2192; x_wconf 86' lang='lat' dir='ltr'><strong>fuerint</strong></span> <span class='ocrx_word' id='word_1_137' title='bbox 1194 2151 1361 2193; x_wconf 61' lang='lat' dir='ltr'><strong>evacua‘-</strong></span> 
     </span>
     <span class='ocr_line' id='line_1_26' title="bbox 1329 2233 1359 2260; baseline 0 0"><span class='ocrx_word' id='word_1_138' title='bbox 1329 2233 1359 2260; x_wconf 79' lang='grc' dir='ltr'><strong>[ι</strong></span> 
     </span>
    </p>
   </div>
  </div>
 </body>
</html>
