1519 2729
639 145 866 204 (14),

193 295 310 334 veat.·
388 283 623 330 Incredibili
662 285 773 332 ‘suam
815 285 1112 339 prosequuntur
1156 283 1321 326 barbam

195 367 378 417 honore,
410 380 531 420 quem
563 369 674 413 omni
707 368 1010 421 opportunitate
1041 366 1323 407 demonstrant.

195 448 301 492 Eam
332 451 373 490 in
403 449 691 493 honestissimis
721 450 989 508 conventibus
1019 448 1164 490 blanda
1206 458 1325 490 manu

195 544 453 582 contrectant
483 544 696 587 perpetuo.
721 577 727 581 ,
757 532 861 574 Eam
892 532 1057 574 subinde
1084 542 1326 586 *unguento-

195 616 507 658 rurnvsuavitate
544 615 803 669 perfundunt.
879 614 981 655 Eam
1013 627 1186 664 uxores,
1224 614 1326 655 libe-

196 699 260 747 ri,
304 699 424 739 amici
453 700 573 739 inter
616 697 861 739 salutandum
916 695 1163 738 osculantur.
1251 696 1329 737 Per

197 791 286 819 eam
317 779 490 833 denique
518 781 673 834 juratur
703 779 808 824 haud
837 791 927 820 raro
958 780 997 818 in
1021 778 1327 832 colloquiorum

196 860 482 904 familiaritate.
572 862 649 905 Est
693 862 850 904 scilicet
895 863 1019 904 sancti
1063 862 1181 902 instar
1212 874 1330 903 orna.-

198 945 323 999 Jnenti
353 945 449 984 viris
480 944 671 987 divinitus
701 946 911 995 concessi,
956 956 1040 998 quo
1070 944 1248 999 gloriose
1278 945 1330 986 ab

198 1023 328 1069 altero
359 1027 453 1067 sexu
485 1027 807 1083 distinguantur,
842 1039 914 1076 ut,
946 1027 1018 1068 nifi
1048 1027 1330 1080 aci-servitutis

196 1106 465 1153 humilitatem
507 1110 682 1163 depresfi
727 1112 822 1159 lint,
868 1121 1039 1150 mortem
1085 1110 1218 1151 subire
1247 1122 1330 1150 ma-

198 1188 304 1239 lint,
336 1204 456 1243 quam
486 1183 709 1232 venerabili
740 1193 807 1233 sua
837 1192 961 1232 barba
980 1193 1142 1245 privari.
1173 1215 1210 1222 -
1239 1192 1331 1233 Sin·

194 1271 345 1326 gularis
386 1285 533 1326 nempe
575 1284 636 1314 est
679 1274 776 1314 viris
806 1273 856 1314 de
893 1274 950 1315 sui
990 1275 1104 1315 sexus
1134 1275 1332 1329 dignitate

194 1355 470 1396 existimatio:
496 1355 753 1410 eademque,
785 1358 969 1410 quamvis
998 1368 1140 1398 nostro
1184 1357 1331 1399 fortas·

194 1436 233 1478 se
273 1437 432 1491 judicio
474 1436 626 1489 nimia‚'
666 1451 749 1480 non
780 1439 903 1494 efficit
933 1451 1095 1490 tamen,
1140 1443 1186 1481 ut
1226 1440 1329 1481 infe-

194 1520 345 1571 riorem
393 1520 528 1565 sexum
569 1534 664 1562 cum
707 1511 894 1576 superbia
938 1522 1125 1576 fastuque
1156 1523 1330 1577 despici-

195 1613 304 1651 ant,
340 1614 482 1643 eumve
528 1604 758 1657 opprobrio
816 1605 1015 1659 objiciant
1042 1609 1134 1646 'aut
1190 1618 1333 1659 aspere

196 1694 382 1725 tractent.
444 1684 632 1726 Feminas
661 1687 711 1727 ad
740 1687 1111 1740 separatamlvitam
1143 1700 1328 1743 cogunt,

197 1778 281 1818 quo
326 1766 471 1808 melius
513 1768 653 1810 harum
697 1769 909 1811 consulant
958 1770 1224 1811 verecundiae
1279 1783 1328 1813 ac

195 1847 370 1900 pudori:
416 1849 484 1891 sed
520 1851 749 1892 earumdem
787 1853 1005 1893 commoda
1034 1864 1154 1906 atque
1186 1852 1330 1895 oblec-

198 1941 370 1971 tamenta
427 1946 519 1976 cum
580 1945 716 1976 tenera
767 1947 908 1976 curant
951 1934 1252 1985 sollicitudine-3
1299 1936 1329 1979 fi

200 2025 303 2065 quae
347 2026 443 2054 vcro
488 2015 642 2068 aliquid
684 2018 801 2059 enixe
845 2029 985 2071 petant
1043 2018 1327 2068 honestiores,

199 2094 313 2148 quod
352 2098 534 2140 ,concedi
576 2100 730 2152 posiit‚
788 2100 869 2142 hoc
915 2102 963 2140 iis
1007 2101 1188 2141 recusare
1246 2112 1329 2142 tur-

197 2189 254 2232 pe
297 2179 537 2223 arbitrantur
577 2182 652 2222 viri
688 2183 942 2237 maximeque
984 2183 1328 2238 ignominiosum,

1197 2305 1199 2308 Α
1246 2279 1329 2319 quo
