1519 2729
519 198 770 261 (117)

93 356 181 386 rum
238 345 419 397 quisquis
472 343 623 397 ingenii
681 341 843 384 humani
892 341 1091 382 rationem
1143 335 1220 378 rite

95 404 368 469 pei'spexerit‚
421 413 575 453 videbit
617 411 765 463 facile,
819 412 905 466 ejus
948 412 1005 451 rei
1045 409 1221 456 semina,

95 485 274 537 quamvis
305 483 420 537 saepe
449 482 640 532 latentia,
681 482 748 523 diu
775 481 896 522 fuisse
926 479 1054 535 sparsa
1080 480 1121 519 in
1151 490 1222 517 eo-

95 566 183 594 rum
224 554 392 602 animis,
451 553 517 593 sed
555 553 728 593 excitata
780 552 941 593 demum
979 562 1019 590 et
1065 551 1105 589 in
1161 547 1223 589 lu-

96 636 185 665 cem
230 634 435 676 protracta
472 622 596 664 exfilii
642 633 839 675 tempore.
906 619 963 661 Et
1001 620 1100 660 haec
1134 619 1223 671 qui·
1265 666 1267 668 ,

96 693 186 734 dem
228 694 408 745 quisquis
452 694 650 742 tenuerit,
698 705 780 732 non
821 691 1031 732 mirabitur
1080 686 1225 741 ampli-

96 776 168 811 us,
201 762 404 818 igniculos
433 762 499 802 diu
531 762 700 803 latentes
731 763 866 803 subito
891 761 1018 802 veluti
1048 761 1088 799 in
1115 757 1226 798 fiam-

97 846 179 874 mas
216 831 406 886 erupisse.
468 832 615 886 Neque
649 846 671 873 a
713 844 874 873 naturae
902 832 1097 872 humanae
1127 840 1227 868 con-

97 903 216 944 suetis
245 902 403 957 legibus
429 903 603 943 alienum
636 903 841 952 censebit,
874 900 986 954 quod
1018 898 1225 946 Hebraei,

28 966 34 979 ⁴
96 973 164 1014 diu
193 984 283 1012 ante
309 974 559 1025 praeparati,
591 974 631 1012 in
674 972 814 1013 exfilio
858 970 1116 1022 Babylonico
1158 966 1227 1007 de-

94 1053 259 1095 repente
288 1041 338 1081 ad
361 1041 540 1094 Jehovae
568 1042 721 1083 cultum
756 1043 829 1083 fint
858 1041 1039 1081 converfi
1057 1071 1069 1090 ‚
1115 1046 1227 1078 eum-

97 1125 175 1165 que
218 1111 374 1165 semper
415 1110 499 1150 fere
529 1111 721 1164 deinceps
753 1112 857 1151 tuiti.
919 1110 999 1150 Sed
1024 1110 1226 1149 existima-

96 1183 158 1223 bit
198 1182 278 1222 hoc
318 1181 445 1234 ipsum
481 1194 571 1220 ext-m
607 1180 815 1235 fingularis
841 1179 1121 1236 cujuscunque
1152 1178 1227 1217 ho-

96 1252 245 1300 minis,
288 1261 371 1290 tum
423 1251 602 1305 gentium
648 1251 938 1303 plurimarum,
984 1259 1068 1290 tum
1107 1249 1229 1301 ipfius

98 1321 256 1374 generis
284 1320 443 1359 humani
472 1321 663 1374 ingenio,
704 1332 787 1361 tum
815 1321 987 1372 denique
1015 1320 1140 1359 totius
1166 1329 1228 1356 re-

99 1402 187 1430 rum
241 1400 423 1429 naturae*
455 1389 615 1443 legibus
669 1401 790 1442 atque
833 1372 980 1429 rafioni
1023 1386 1228 1430 universae

101 1458 413 1500 consentaneum
445 1458 645 1514 planeque
662 1458 1040 1502 accommodatum.

1092 2296 1237 2342 CON-
