1519 2729
568 187 797 247 (33)

125 323 372 381 depingere,
415 337 459 368 ut
483 327 585 368 nihil
615 329 837 384 quidquam
866 328 916 371 de
943 329 1020 373 hae
1050 330 1134 386 ipsa
1173 333 1264 388 ejus

125 408 360 462 praestantia
401 410 587 465 singulari
626 410 837 453 decesfisse
863 412 1125 467 judicaretis!
1178 412 1262 452 Ve-

114 504 212 533 ‹rum
241 493 382 545 ecquis
409 505 598 546 umquam
631 493 863 534 mortalium
902 495 1145 535 eminentem
1174 495 1261 550 ejus

124 573 297 629 effigiem
342 586 497 625 tentet,
543 577 641 629 qui,
686 576 977 630 quodcumque
1019 577 1179 618 tandem
1218 588 1261 618 et

123 655 286 696 humani
330 658 483 712 ingenii
525 657 684 699 exilitas
729 670 769 699 et
812 659 868 700 sui
908 662 995 700 aevi
1025 662 1260 713 perversitas

123 738 317 780 effrenato
348 742 502 796 impetu
541 752 585 781 ut
612 734 834 795 gloriosum
864 754 1104 793 venaretur,
1155 743 1259 784 nihi-

121 821 150 862 li
177 822 412 873 aestimans,
444 822 511 864 sed
535 823 675 864 divino
707 822 820 864 sensu
852 824 1081 872 constanter
1107 826 1259 867 anima-

121 915 214 954 tus,
247 917 408 946 omnem
438 882 544 945 suam
584 904 757 960 gloriam
803 905 1038 947 collocabat
1073 908 1113 948 in
1155 908 1259 948 sum·

121 999 237 1036 mae,
269 999 371 1040 quae
401 987 633 1041 cogitetur,
665 988 827 1029 virtutis
851 987 981 1028 studio
1008 1000 1049 1029 et
1077 991 1117 1029 in
1160 1003 1258 1044 pro-

119 1068 293 1109 curanda
322 1068 490 1108 univerfi
521 1069 680 1123 generis
711 1069 874 1111 humani
906 1070 1056 1112 salute!
1097 1071 1256 1126 Ecquis

117 1161 211 1191 eum
253 1149 453 1191 confimili
487 1151 662 1205 imagine
703 1152 1002 1206 repraesentet,
1046 1156 1116 1208 qui
1153 1157 1260 1196 inter

118 1231 338 1287 populares
380 1244 502 1285 atque
545 1245 736 1285 exteros,
783 1238 887 1277 intei-
926 1239 1081 1278 amicos
1132 1250 1255 1291 atque
1315 1257 1318 1259 >

119 1316 337 1364 inimicos,
375 1315 486 1356 inter
526 1314 720 1358 humilem
749 1319 1059 1372 imperitumque
1088 1319 1254 1373 plebem

116 1410 164 1439 ac
191 1397 388 1451 superbos
417 1398 738 1453 vaferrimosque
775 1400 996 1451 doctores,
1041 1404 1081 1443 in
1126 1405 1256 1446 maxi-

117 1493 203 1521 mae
259 1482 530 1521 venerationis
584 1482 747 1524 indiciis
801 1494 921 1536 atque
958 1485 1000 1524 in
1044 1485 1252 1538 exquisitis

116 1563 374 1606 contumeliis
428 1563 727 1617 plurimorum,
780 1577 956 1607 mentem
1012 1566 1252 1609 ostendebat

113 1629 321 1702 singularis
351 1646 558 1701 dignitatis
586 1647 822 1697 consciam,
865 1648 1062 1702 fimulque
1090 1649 1162 1690 fibi
1192 1651 1252 1690 in-

112 1741 266 1783 genuae
309 1729 530 1770 modestiae
574 1728 686 1770 sensu
726 1729 884 1783 semper
924 1742 1250 1784 temperantem;

112 1812 212 1863 qui,
243 1811 605 1866 quidquidageret
637 1823 705 1852 aut
748 1812 930 1860 diceret,
975 1814 1016 1853 in
1047 1827 1260 1874 quocum--

112 1905 192 1946 que
218 1892 339 1942 Ιοεο,
372 1895 412 1935 in
433 1885 690 1947 quacumque
708 1894 969 1944 conditione,
1000 1895 1108 1949 apud
1122 1909 1247 1950 quos-

111 1987 288 2028 cumque
319 1975 505 2016 homines
532 1976 664 2024 esset,
702 1987 771 2025 et,
816 1977 893 2017 five
934 1977 1095 2030 placide
1123 1978 1248 2019 doee-

111 2067 172 2097 ret
210 2066 417 2105 attentOS,
463 2056 529 2097 seu
573 2057 741 2099 miseros
784 2057 979 2112 generose
1023 2049 1247 2110 solareturt,

112 2140 189 2182 five
219 2150 394 2179 errantes
423 2138 599 2193 benigne
630 2124 879 2195 corrigeret,
912 2139 979 2180 seu
1002 2143 1114 2198 gravi
1151 2156 1257 2199 cum-

113 2220 388 2276 indignatione
432 2219 581 2263 larvam
626 2221 853 2267 detraheret
895 2221 1106 2275 scelestis,
1164 2225 1251 2281 five,

627 2302 664 2347 C
1184 2305 1246 2351 in-
