1519 2729
675 183 713 238 -(
773 196 854 236 240
914 181 939 236 )

261 324 451 365 officium·
467 320 710 375 exsequendi
739 321 930 364 facultate
948 351 962 371 ,
1007 333 1108 376 quae
1133 320 1229 363 ideo
1256 334 1376 363 coac-

259 395 371 435 tione
398 403 458 434 est
487 393 665 441 munita,
694 393 790 446 quia
816 393 1078 446 caeteroquin
1106 403 1180 445 per
1207 391 1385 432 alterius.

255 463 463 504 licentiam
493 462 629 502 officio
656 461 792 503 deesse
822 475 1089 518 cogeremur,
1117 462 1268 516 jurium
1296 474 1387 503 non.

256 530 353 587 usus
390 532 564 588 cogitari
605 533 768 586 nequit,
813 532 880 574 sed
918 533 1063 574 eodem
1106 531 1180 573 illo
1208 531 1376 581 officio,

256 603 370 656 quod
398 602 631 644 facultatem
658 603 827 650 tribuit,
873 602 919 643 eri
954 603 1137 655 potentia
1175 603 1234 642 uti
1264 612 1376 641 tene-

255 684 416 721 remur,
471 684 547 713 nec
593 671 760 712 libertas
806 670 890 712 ulla
930 671 1134 712 obtineret
1187 671 1376 725 juridica.

251 741 348 797 Jura
373 743 509 795 itaque
536 741 617 782 hoc
644 741 734 784 casu
762 753 846 782 non
875 742 1161 794 permittuntur
1208 740 1276 782 sed
1312 741 1389 795 ju·-

255 798 416 853 bentur.
447 837 493 844 —
521 810 723 852 Absolute
749 822 848 851 vero
879 811 1059 863 permitti
1096 810 1166 851 illa
1208 811 1386 852 coactio*

256 882 373 924 nullo
405 881 529 923 modo
556 893 720 935 potest,
754 893 847 922 cum
871 880 942 922 illa
968 882 1161 930 coactio,
1187 894 1266 934 qua
1288 882 1377 921 vin-

257 952 439 993 dicamus
466 964 644 993 nostram
673 952 887 992 humanam
914 951 1174 1007 dignitatem,
1201 952 1301 991 tanti
1331 952 1380 992 fit

257 1024 484 1071 momenti,
516 1032 560 1062 ut
585 1021 653 1062 lex
678 1020 842 1062 moralis
871 1034 958 1061 eam
974 1023 1093 1062 unice
1110 1022 1376 1075 permittere,

255 1104 324 1133 aut
352 1091 475 1132 deca
500 1090 660 1145 prorsus
688 1091 799 1132 filere
827 1091 909 1132 dici
931 1103 1121 1144 nequeat.
1182 1091 1249 1132 De
1267 1103 1376 1132 tanta

256 1161 421 1215 quidem
459 1173 503 1201 re
544 1161 763 1213 requiritur
808 1163 1025 1214 positivum
1083 1173 1376 1215 praeceptum,

255 1242 339 1271 non
368 1241 468 1270 vero
493 1229 694 1270 silentium
720 1229 891 1280 sufficit,
923 1231 1036 1284 quod
1074 1233 1122 1272 iis
1153 1242 1305 1272 tantum
1335 1233 1376 1272 in

255 1300 411 1342 cafibus
441 1300 628 1350 obtinet,
671 1301 742 1354 qui
768 1299 887 1342 nullo
914 1301 1041 1342 modo
1069 1300 1174 1357 legis
1209 1300 1376 1343 moralis

253 1371 430 1424 imperio
460 1369 640 1411 subsunt.
1278 1367 1281 1371 ’

274 1472 277 1473 ⁷
313 1441 363 1482 B.
394 1440 473 1481 Vel
503 1442 542 1480 in
569 1439 733 1482 alterius
774 1441 935 1491 officio,
974 1443 1014 1481 vi
1043 1452 1204 1482 nostrae
1232 1440 1377 1495 legiti-

257 1523 324 1554 me
369 1508 464 1564 (ι),
484 1531 487 1533 —
507 1505 713 1551 adhibitae
756 1523 838 1551 non
879 1511 1114 1559 refistendi‚
1154 1510 1255 1564 juris
1305 1523 1378 1552 co-

255 1579 376 1636 gendi
403 1580 650 1634 principium
676 1580 872 1623 invenisse
895 1581 967 1622 fibi
982 1581 1169 1622 videntur
1183 1579 1251 1620 alii
1282 1578 1377 1634 (2).

425 1670 429 1673 ·
1266 1649 1382 1692 Huic

300 1759 364 1807 (ι)
402 1762 563 1805 Legitima
593 1763 645 1796 illa
672 1762 721 1795 vis
751 1762 873 1796 dicitur
899 1763 939 1796 ab
979 1772 1047 1806 eo,
1082 1763 1174 1806 quod
1205 1763 1379 1807 probatum

252 1819 435 1859 haberent,
465 1819 650 1864 homiuibus
671 1829 735 1862 per
762 1827 904 1852 naturam
935 1821 1036 1854 multa
1064 1820 1182 1854 licere.
1228 1819 1378 1864 Quomo-

252 1876 298 1909 do
313 1902 323 1916 ‚
348 1876 498 1918 inquiunt
513 1901 523 1916 ‚
548 1876 652 1909 licere
676 1875 770 1909 nobis
798 1875 865 1908 dici
888 1876 1022 1919 possent
1038 1902 1049 1917 ‚
1085 1877 1108 1911 fi
1138 1877 1280 1919 quilibet
1320 1878 1376 1911 ha-

250 1933 351 1966 beret
375 1930 564 1966 facultatein
589 1943 649 1966 nos
671 1933 703 1966 in
731 1932 897 1966 exercitio
923 1942 1037 1966 eorum
1051 1933 1174 1976 jurium
1197 1933 1377 1968 turbandi?

251 1990 295 2022 W
315 2000 336 2023 0
351 1991 360 2021 l
376 1989 444 2031 ff,
465 1989 545 2026 Jur.
572 1990 661 2025 Nat.
687 1991 705 2034 §
730 1999 784 2033 50.

294 2045 358 2090 (ε)
396 2047 504 2079 Acute
543 2056 651 2081 autem
677 2047 827 2081 observat
861 2047 918 2089 Sy
932 2057 954 2090 p
969 2047 990 2079 k
1005 2056 1024 2080 e
1040 2058 1059 2080 n
1075 2058 1089 2081 s
1104 2072 1115 2088 ‚
1154 2048 1175 2082 l.
1195 2048 1217 2083 l.
1240 2058 1275 2091 p.
1299 2057 1375 2090 379.

245 2101 328 2134 hanc
364 2103 572 2143 negationem
596 2104 652 2136 vel
675 2103 922 2138 attributionem
951 2104 1094 2147 cogendi
1117 2104 1276 2138 facultatis
1309 2113 1373 2136 nou

244 2158 346 2191 fuisse
391 2158 583 2201 difficilem,
622 2161 697 2203 quia
739 2159 856 2194 officiis
899 2161 1063 2203 perfectis
1099 2170 1191 2196 antea
1223 2161 1287 2204 jam
1316 2160 1374 2194 tri-

241 2215 380 2250 buerant
411 2215 533 2249 eruditi
555 2217 725 2252 notionem
749 2216 894 2261 cogendi
921 2218 1099 2256 facultatis.
