1519 2729
582 142 609 199 (
670 146 722 198 87
780 138 806 196 )

135 292 275 336 sudore
294 295 579 338 nonnunquam
611 279 879 334 colliquativo
895 294 917 326 ‚·
940 274 1135 327 imprimis
1157 283 1256 313 tem-

135 375 235 418 pore
276 368 477 400 nocturno
518 352 701 405 aliisque.
775 346 899 400 Apud
936 345 1069 386 sexum
1101 341 1260 393 sequio-

136 445 221 475 rem
251 427 478 474 chlorofin,
517 433 558 462 et
584 422 624 461 in
653 417 878 460 universum
908 412 1083 468 phthism
1111 411 1261 465 produ-

138 515 230 545 cere
260 499 422 545 valent‚
452 504 520 535 aut
546 490 702 533 febrem
730 488 944 528 hecticam.

198 567 535 623 Frequentisfime
562 562 644 603 hoc
673 555 906 599 observatur
933 556 973 594 in
1011 550 1265 594 constitutio-

139 643 216 684 bus
255 636 516 682 verminosis,
559 632 661 672 licet
688 625 901 668 emaciatio
928 635 1011 663 non
1043 621 1198 672 semper
1227 621 1268 659 in

142 714 203 754 his
230 724 252 750 a
281 706 483 749 vermibus
513 701 559 741 fit
588 697 785 752 petenda,
825 704 965 735 ornnes
996 692 1114 731 enim‘
1131 687 1269 730 causae

143 781 400 824 debilitantes
444 772 521 825 (ὃς
550 768 627 810 LII
657 780 696 808 et
733 761 874 817 LIII.)
903 761 1160 803 emaciationi
1190 760 1271 800 ori-

145 854 279 909 ginem
308 845 503 901 praebere
533 839 715 894 possunt.

607 979 630 1032 §
664 974 817 1018 Lvm.

207 1128 408 1171 Distoma
446 1120 714 1177 hepaticam,
742 1118 783 1156 in
817 1112 989 1157 ve1icula
1016 1111 1138 1155 fellea
1166 1110 1281 1152 habi-

153 1214 267 1249 tans.,
314 1197 467 1250 saepius
506 1189 702 1244 impedit,
746 1186 962 1240 quominus
990 1167 1085 1223 biIis
1110 1181 1284 1235 genuina

155 1271 308 1313 secerni
337 1277 404 1308 aut
432 1265 482 1306 ad
508 1273 600 1315 apta
627 1259 720 1299 duci
751 1257 875 1311 posfit
902 1254 995 1295 loca
1013 1283 1025 1303 ,
1064 1252 1144 1293 sese
1173 1261 1286 1289 nem-

156 1353 207 1394 pe
251 1337 440 1380 ductibus
481 1330 678 1387 hepaticis
716 1339 756 1369 et
794 1327 932 1368 ductui
964 1324 1122 1376 cystico
1151 1322 1284 1372 impo-

157 1422 269 1450 nens.
330 1406 396 1448 Ex
425 1406 505 1446 hoc
536 1403 660 1457 igitur
685 1408 752 1438 aut
780 1395 875 1436 bilis
907 1393 1009 1436 male
1032 1401 1288 1447 praeparata,

159 1492 227 1522 aut
255 1477 416 1520 acholia
443 1476 600 1521 oritur3
631 1483 682 1510 ex
708 1477 882 1519 utroque
921 1464 1036 1505 fonte
1078 1461 1291 1503 intestino-

161 1562 250 1591 rum
278 1548 439 1593 inertia,
471 1545 604 1584 minor
635 1539 822 1581 ciborum
849 1535 1063 1584 subactio,
1106 1544 1199 1572 cum
1226 1543 1293 1570 ac-

163 1617 439 1661 cumulatione
466 1613 646 1654 saburrae
676 1606 869 1653 biliosae‚
913 1602 1153 1644 infarctibus
1183 1598 1295 1654 glan-

166 1689 349 1732 dularum
378 1682 683 1724 meseraicarum
701 1708 713 1726 ,
745 1676 946 1727 aliisque3
992 1673 1088 1713 hinc
1115 1667 1298 1711 universe

168 1760 325 1814 sanguis
352 1756 616 1808 depravatur,
650 1745 837 1789 mucosus
866 1744 931 1792 fit,
963 1742 1068 1783 unde
1096 1740 1300 1791 cacochy-

170 1832 275 1879 mia,
307 1839 427 1882 quam
459 1822 616 1863 tandem
654 1817 834 1870 hydrops
863 1814 1070 1867 sequitur,
1101 1810 1301 1852 interdum

172 1911 339 1957 quoque
369 1909 420 1937 ex
446 1894 528 1935 hoc
559 1890 673 1931 sonte
704 1889 852 1928 icterus
883 1881 976 1937 (1).

1137 1951 1161 2004 §
1192 1949 1304 1991 LIX.

208 2073 286 2126 (ι)
311 2081 378 2126 Jmu
405 2076 526 2111 dudum
551 2074 799 2109 observaverant
821 2078 903 2103 oves
920 2073 1148 2108 nonnunquam
1181 2064 1212 2095 iu
1234 2071 1306 2105 pra-

180 2140 220 2173 tis
244 2139 362 2170 nostris
398 2141 570 2178 pascentes
586 2157 596 2172 ,
631 2129 786 2171 imprimis
809 2124 947 2158 humidis
975 2131 1090 2164 magno
1111 2128 1250 2152 numero
1271 2117 1310 2151 ss-

181 2197 248 2229 mul
291 2194 385 2227 mori.
453 2189 602 2233 Cupidus
643 2188 707 2220 hoc
736 2184 852 2217 melius
882 2177 1122 2223 investigandi,
1160 2175 1312 2221 quoniam

1238 2240 1240 2243 ’
1259 2230 1319 2262 ho-
