1519 2729
680 128 902 195 (24)

231 266 282 316 ad
320 265 530 318 politicam
559 278 658 307 vero
687 270 883 309 rationem
928 267 1124 326 progresfi
1168 263 1356 309 Orienta-.

227 331 286 372 les
303 363 315 379 ,
346 333 449 375 hanc
475 336 600 388 ipsam
627 350 842 391 regnorum
871 337 1031 378 suorum
1049 367 1061 382 ‚
1100 331 1228 393 attiue>
1249 337 1358 391 regis

225 404 469 458 reginaeque
501 405 676 458 speciem
705 409 745 447 in
777 406 893 449 Deos
923 405 1227 447 transferebant.
1274 443 1281 449 ,

284 472 344 513 Ita
386 475 426 513 iu
455 487 602 530 genere
629 477 806 518 humano
839 477 988 518 exstitit
1011 475 1207 530 pluuium
1243 473 1355 515 Deo-

224 551 321 583 rum
353 543 500 585 cultus.

281 611 350 653 Ad
377 613 580 656 idolorum
607 629 705 657 vero
737 615 891 658 cultum
920 615 1088 657 nonnisi
1115 613 1357 667 prolabente

225 692 410 734 tempore
437 696 556 738 atque
595 686 882 741 progrediente
924 686 1170 726 humanitate
1213 695 1361 738 perve-

224 762 368 792 nerunt
400 751 521 805 (a),
572 754 649 796 Est
688 757 795 807 enim
835 755 939 795 illud
967 754 1162 795 indicium
1194 753 1358 802 cultus,

225 821 388 873 quando
422 835 473 863 ex
512 824 602 864 rudi
643 825 881 880 conditione
925 826 974 867 ad
1014 827 1159 867 artium
1187 824 1360 866 studium

223 893 486 946 progreditur
511 893 653 936 homo.
712 894 992 948 Antiquissimi
1021 895 1178 937 scilicet
1213 892 1360 949 populi

223 972 413 1014 tanquam
436 961 645 1005 Nomades
674 977 891 1021 vagantes.,
937 977 1057 1019 atque
1088 967 1133 1011 in
1174 964 1359 1006 tentoriis

224 1029 484 1082 habitantes,
532 1036 653 1075 certis
694 1035 799 1076 locis
841 1035 1022 1076 nondum
1067 1035 1275 1085 adstricti,
1318 1035 1360 1073 in

224 1102 432 1143 montibus
461 1103 526 1145 vel
557 1104 710 1157 sylvis,
756 1105 990 1146 denfisfimis
1017 1106 1231 1146 arboribus
1259 1116 1361 1145 con-.

222 1170 327 1220 fitis,
359 1172 424 1220 vel
453 1174 768 1229 quibuscunque
794 1175 901 1215 locis
928 1177 1171 1216 amoenitate
1197 1174 1361 1228 infigni-

224 1240 328 1290 bus,
361 1241 466 1282 dona
496 1243 563 1284 sua
587 1256 629 1285 et
659 1245 854 1287 sacrificia
869 1243 962 1285 Diis
989 1244 1132 1285 offerre
1162 1243 1359 1285 solebant.

223 1309 309 1364 Qui
341 1324 439 1352 vero
470 1325 598 1354 certas
630 1315 741 1356 sedes
771 1314 987 1368 posuerant
1015 1326 1056 1355 et
1088 1313 1361 1370 agriculturae

220 1392 387 1433 operam
429 1381 522 1421 dare
565 1397 814 1437 coeperant,
861 1386 932 1437 ipsi
974 1386 1014 1424 in
1045 1385 1210 1425 aedibus
1246 1383 1362 1428 habi-

223 1461 380 1499 ωηερε,
412 1449 528 1492 Deos
557 1453 628 1493 sub
650 1454 718 1494 dio
747 1454 927 1495 habitare
957 1454 1180 1503 nolebant,
1219 1453 1360 1494 aedifi-

227 1520 291 1563 cia
332 1520 584 1562 exstruebant
620 1520 806 1577 >privatis
847 1525 1012 1566 aedibus
1055 1524 1279 1573 fimillima‚
1321 1535 1362 1565 at

217 1591 453 1644 grandiora.
495 1591 564 1631 illa
602 1605 642 1633 et
681 1595 980 1647 praestantiora.
1070 1593 1202 1644 Hinc,
1248 1593 1362 1648 quod

227 1659 423 1716 Aegyptii
446 1672 486 1701 et
515 1660 630 1711 Indi,
679 1663 718 1702 in
750 1665 930 1705 cavernis
975 1665 1205 1706 etiamnunc
1246 1663 1359 1704 habi-

228 1741 386 1779 tantes,
433 1725 527 1771 Diis
562 1731 713 1784 templa
769 1734 1032 1774 exstruxerint
1077 1734 1358 1783 subterranea3

226 1799 374 1852 quibus
430 1799 703 1842 successerunt
758 1804 951 1858 deinceps
1019 1802 1187 1846 meliora
1243 1805 1360 1858 supra

1278 1887 1357 1915 ter-

272 1970 336 2014 (a)
359 1964 455 2006 Co'nf.
489 1973 531 2006 de
561 1981 635 2007 toto
662 1973 728 2008 hoc
752 1980 948 2017 argumento
976 1975 1153 2014 Meiners,
1178 1975 1187 2006 1
1217 1974 1226 2006 1
1264 1974 1352 2009 ITh.

225 2035 256 2067 p.
291 2036 354 2068 413
381 2027 423 2070 sq.
474 2030 627 2063 Attamen
651 2031 854 2066 humanitatis
879 2032 1109 2074 progressum,
1147 2031 1203 2073 qui
1227 2031 1258 2063 in
1286 2033 1358 2065 cul-

225 2091 260 2114 tu
292 2083 414 2115 Divino
436 2085 520 2127 apud
549 2090 650 2121 varias
679 2098 797 2130 gentes
819 2099 883 2132 pro
912 2088 1047 2126 diversa,
1066 2087 1177 2122 indole
1208 2088 1358 2122 cernitur

221 2137 369 2173 diversus
385 2165 395 2180 ,
424 2151 488 2175 non
509 2143 579 2177 satis
599 2145 773 2195 attendisse
796 2145 938 2180 videtur.
