1519 2729
718 149 918 205 (8).

246 283 475 335 versantes,
519 283 774 329 idololatriae
815 289 971 344 laqueis
1008 289 1128 332 fuisse
1168 289 1374 332 irretitos:

246 364 289 394 et
318 366 427 394 certe
457 355 722 415 babwemus,
762 371 845 410 quo
873 359 972 400 haec
1002 360 1145 414 agendi
1172 360 1379 403 diversitas

243 425 515 478 probabiliter
543 429 694 480 exponi
723 428 873 480 posset.

257 521 264 530 ,
299 493 370 537 Ne
396 496 587 537 miremur
613 499 777 552 itaque,
809 500 927 538 variis
959 499 1212 551 temporibus
1238 501 1372 541 varios

241 564 465 615 exstitisse,
496 568 568 620 qui
595 568 714 623 hujus
749 571 999 625 gravissimae
1043 572 1372 611 commutationis

242 635 421 676 caussam
471 637 535 678 vel
576 639 766 680 intactam
806 639 1083 692 reliquerint‚‘
1117 641 1182 682 vel
1216 642 1256 681 in
1283 641 1371 695 ejus

242 704 518 757 explicatione
558 708 609 748 ad
634 708 825 750 miracula
854 710 1127 764 confugerint.
1185 711 1249 750 Ac
1277 722 1372 749 nos-

182 795 187 803 =
243 775 314 813 tris
355 788 521 828 quoque
566 779 841 831 temporibus,
885 779 1034 832 quibus
1075 792 1138 820 res
1176 779 1372 820 humanae

245 842 481 898 diligentius
496 847 787 903 investigantur
803 879 814 895 ,
839 859 880 889 et
896 861 1227 903 quarumcunque
1239 851 1372 890 rerum

242 913 382 953 eausae
398 915 636 970 indagantur
652 918 808 959 summo
823 919 976 970 studio,
1007 921 1274 961 commutatio
1301 919 1373 960 illa

240 983 431 1038 infignis‚
478 998 597 1037 quam
637 986 840 1029 subierunt
867 989 1045 1031 Hebraei
1069 1001 1164 1043 post
1189 989 1372 1032 exsilium

241 1051 543 1105 Babylonicum
559 1085 572 1103 .,
604 1056 723 1112 digna
750 1058 832 1098 visa
857 1059 935 1100 fuit
951 1090 964 1110 ‚
996 1061 1038 1100 in
1064 1074 1142 1114 qua
1168 1061 1243 1100 viri
1271 1060 1372 1101 doc-

241 1123 273 1161 ti
304 1134 469 1176 operam
500 1125 607 1165 suam
635 1127 902 1170 collocarent.
990 1129 1085 1170 Alii
1108 1143 1218 1174 ‚vero
1251 1129 1370 1170 aliam

238 1192 345 1231 viam
374 1191 463 1233 sunt
488 1195 665 1249 ingresfi.
725 1199 789 1238 Ac
811 1198 1030 1240 hodiedum
1058 1200 1212 1254 integra
1238 1211 1372 1241 manet

239 1262 470 1313 dubitatio,
501 1276 633 1312 utrum
658 1267 699 1307 in
729 1268 804 1309 hac
827 1269 969 1323 agendi
1001 1268 1224 1311 diversitate
1253 1269 1370 1323 indo-

237 1329 318 1371 lem
348 1335 588 1375 mutaverint
617 1334 794 1378 Hebr'aei
812 1368 824 1387 ‚
856 1351 905 1378 an
930 1351 1029 1380 vcro
1056 1340 1312 1381 servaverint.

246 1426 257 1430 κ
297 1399 541 1443 Gravissima
591 1406 715 1460 igitur
760 1419 821 1448 est
878 1408 1077 1463 Quaestio
1116 1410 1166 1450 ab
1213 1409 1370 1451 Ordine

236 1467 529 1523 Philosophiae
573 1473 726 1517 Theor.
776 1489 816 1518 et
871 1477 1115 1521 Litterarum
1160 1479 1286 1522 Hum.
1327 1472 1385 1521 in⁴

237 1539 458 1581 Academia
486 1542 914 1602 ‚Rheno-Trajectina
946 1550 1164 1604 juvenibus
1193 1551 1243 1600 ad
1280 1563 1369 1592 cer-

237 1614 370 1649 tamen
426 1611 645 1657 literarium
694 1618 928 1670 proposita,
979 1633 1056 1673 qua
1094 1620 1367 1674 disquiratur,

237 1693 316 1719 cur
341 1678 537 1724 Hebraei
564 1695 667 1726 ante
691 1686 884 1741 exfilium
909 1688 1214 1745 Babylonicum
1233 1688 1281 1746 fe
1310 1691 1372 1732 ad

236 1748 442 1791 idolorum
475 1753 753 1811 pluriumque
802 1757 994 1801 Deorum
1034 1762 1193 1802 cultum
1241 1761 1368 1802 valde

228 1818 481 1873 propensos,
533 1831 684 1876 postea
726 1838 868 1875 autem
908 1830 964 1871 ab
1015 1844 1057 1871 eo
1098 1830 1366 1873 vehementer

233 1889 392 1930 alienos
419 1894 705 1946 ostenderint,
735 1907 826 1939 tum
855 1900 1014 1950 etiam,
1046 1910 1192 1942 utrum
1221 1903 1266 1943 in
1282 1901 1369 1944 ltac-

231 1959 388 2011 agendi
414 1960 661 2016 diversitate
688 1970 954 2012 mutaverint
973 1971 1152 2012 indolem
1169 2002 1182 2022 ,
1214 1984 1273 2013 an
1295 1984 1364 2012 νε-

184 2041 189 2045 ·
218 2041 277 2068 νο
297 2026 588 2082 ιὣννῑῑνενίῑπν,
619 2050 665 2060 -
693 2035 826 2093 Hujus
854 2051 987 2083 autem
1004 2041 1251 2094 quaestionis
1272 2054 1362 2097 gra-

225 2099 328 2138 vitas
355 2113 419 2140 me
448 2102 500 2141 ita
538 2108 770 2157 permovit,
816 2122 861 2149 ut
887 2111 991 2151 vires
1016 2123 1122 2150 meas
1153 2111 1193 2151 in
1224 2124 1270 2151 ca
1291 2124 1361 2154 cx-

222 2168 409 2222 plicanda
447 2173 683 2225 pereclitari
727 2175 941 2219 statuerim.
1031 2179 1229 2233 Quamvis
1251 2184 1364 2222 enim*

1299 2265 1358 2292 vi-
