1519 2729
761 190 900 247 <82
958 189 996 249 λ

380 329 439 370 At
476 341 574 370 vero
615 341 698 368 non
728 328 882 382 semper
910 343 957 371 ea
981 330 1057 371 fuit
1086 327 1364 370 Hebraeorum
1394 329 1435 370 in

321 384 461 441 'exfilio
497 398 711 448 conditio,
753 411 798 440 ut
837 400 971 441 Deum
1014 389 1125 440 suum
1166 397 1301 438 colere
1327 396 1435 450 quast

322 479 577 522 cogerentur.
655 467 765 522 Quo
806 471 931 524 magis
972 471 1078 509 enim
1133 468 1183 508 ad
1225 467 1435 508 meliorem

326 537 519 590 paulatim
581 542 760 578 mentem*
809 541 989 581 converfi
1044 539 1213 592 spretam
1265 536 1436 589 antehac

320 607 465 647 avitam
493 607 750 662 ¹religionem
789 622 907 649 curae
935 610 1129 662 cordique
1158 608 1305 649 habere
1333 606 1437 647 didi-

317 687 480 725 cerant,
512 688 631 730 atque
658 678 733 718 hos
774 678 864 718 suos
894 681 1014 719 animi
1044 679 1198 727 sensus,
1228 690 1436 732 magnum-

316 758 396 798 que
432 746 544 787 fimul
584 749 703 799 patrii
735 747 809 787 soli
833 747 1068 789 defiderium
1098 747 1403 789 manifestabant
1421 776 1438 797 ‚

324 825 378 855 eo
402 816 528 870 magis
556 816 594 857 se
619 819 800 871 gentium
817 847 831 867 ‚
861 818 964 857 inter
990 830 1087 870 quas
1127 817 1348 874 degebant,⁴
1375 816 1438 857 lu-

315 885 450 926 dibrio
478 886 644 927 subinde
672 887 881 928 videbant·
905 889 1111 940 expofitos
1137 885 1250 940 (a),
1293 897 1334 927 et
1376 887 1438 926 in-

321 955 477 997 terdum
502 957 609 997 duris
636 955 799 1010 legibus
827 957 877 997 ad
904 957 1076 998 aliorum
1119 956 1306 997 Deorum
1349 955 1437 997 cul·

316 1035 401 1066 tum
429 1025 679 1080 cogebantur
707 1025 801 1080 (b).
862 1026 1012 1067 Verum
1041 1019 1248 1068 enimvero
1278 1027 1352 1067 hae
1374 1027 1439 1079 ip-

314 1094 407 1143 sae,
452 1108 550 1148 quas
589 1095 800 1150 religionis
829 1096 944 1137 causa
974 1095 1140 1137 subinde
1169 1096 1433 1149 experieban-

315 1175 386 1205 tur
426 1166 689 1214 vexationes,
746 1177 797 1206 eo
853 1165 953 1205 mihi
1004 1165 1173 1205 valuisse
1220 1165 1436 1214 videntur,

319 1245 364 1274 ut
399 1234 551 1288 majore
590 1219 801 1290 religionis
842 1235 931 1275 suae
971 1235 1281 1276 incenderentur
1318 1230 1437 1275 ar'do-

314 1315 359 1344 re
390 1302 479 1356 (c).
541 1303 656 1346 Solet
680 1307 787 1346 enim
815 1306 914 1346 haec
945 1304 1031 1344 esse
1054 1304 1248 1346 humanae
1275 1316 1438 1345 naturae

314 1374 448 1423 ratio,
479 1384 523 1414 ut
551 1375 701 1415 nitatur
729 1376 769 1414 in
796 1376 966 1415 vetitum
992 1374 1173 1429 semper,
1217 1375 1437 1427 cupiatque

316 1454 487 1497 negata,
519 1453 563 1483 ut
588 1443 689 1484 nihil
719 1443 840 1485 faciat
875 1445 1028 1494 invita,
1072 1444 1305 1497 praesertim
1341 1456 1436 1484 cum

313 1512 430 1554 causa
473 1525 614 1568 agatur
654 1514 891 1569 religionis;
935 1526 1100 1566 quoque
1143 1516 1270 1569 magis
1321 1516 1436 1568 cogi-

314 1595 403 1632 tur,
444 1596 494 1623 eo
524 1585 650 1638 magis
690 1585 887 1625 renititur.
959 1583 1097 1637 Itaque
1135 1583 1303 1637 judaei,
1360 1585 1432 1637 qui

313 1655 534 1708 aegerrime
563 1653 744 1709 ferebant
785 1655 953 1707 patriam
993 1655 1043 1694 ab
1085 1654 1271 1695 hostibus
1323 1662 1436 1696 ever-

315 1723 425 1773 sam,
456 1723 748 1777 templumque
795 1725 890 1779 igne
941 1725 1175 1773 incensum,
1221 1736 1319 1766 cum·
1353 1726 1436 1766 avi-

316 1805 395 1834 tam
423 1793 662 1848 religionem
681 1823 694 1842 ‚
740 1807 818 1848 qua
848 1790 926 1834 ‘vel
962 1806 1039 1834 una
1079 1795 1220 1835 mediis
1259 1797 1301 1834 in
1331 1794 1436 1836 cala-

316 1865 523 1905 mitatibus
582 1863 748 1919 gloriari
809 1865 980 1913 liceret,
1046 1866 1207 1918 penitus
1257 1865 1437 1906 deserere

1362 1946 1434 1975 co-

363 2045 426 2091 (a)
452 2047 501 2080 Ps.
530 2047 614 2086 cn,
638 2047 837 2094 cxxxvn.
863 2048 984 2087 Pareau
1000 2073 1010 2089 ‚
1036 2048 1053 2080 ι.
1074 2049 1094 2081 1.
1119 2057 1153 2090 p.
1177 2056 1229 2090 25.

363 2100 426 2146 (h)
450 2104 534 2137 Dan.
562 2104 622 2137 111:
655 2114 667 2138 1
688 2114 771 2146 -23.

362 2157 419 2204 (c)
444 2160 662 2203 Muntinghe,
686 2161 708 2197 l.
737 2162 760 2195 l.
789 2161 831 2195 T.
858 2162 953 2197 V111.
976 2170 1048 2206 pag.
1061 2160 1118 2205 69.
1143 2160 1353 2205 Niemeyer,
1378 2161 1433 2196 hl.

315 2225 388 2260 pag.
420 2217 494 2252 131.
