1519 2729
4 198 84 242 ια’

519 113 745 175 (85)

98 271 305 308 tueamur,
349 255 463 299 aliter
503 252 588 296 fieri
629 253 798 308 nequit,
856 250 952 305 quin
997 257 1184 303 appareat
1197 242 1218 299 ,²

97 333 309 373 maximam
351 328 517 370 omnino
557 324 651 365 illos
689 323 1021 364 nutrimentorum
1061 330 1216 372 partem

98 402 360 448 consumere,
405 408 449 437 ut
489 395 541 436 fic
582 405 722 434 eorum
760 394 842 434 vita
882 390 1130 431 sustineatur.
1171 385 1220 416 ·'-

98 468 279 525 'Ascaris
321 464 650 512 vermicularis,
694 473 935 515 quamquam
982 457 1221 511 plerumque

99 541 275 581 maximo
313 548 481 577 numero
525 536 564 575 in
606 544 688 572 uno
716 531 939 583 eodemque
966 528 1130 569 homine
1157 537 1219 566 re-

99 611 302 664 periatur,
334 618 463 648 tamen
493 613 660 657 propter
689 601 886 641 minorem
914 599 1099 650 corporis
1111 607 1222 648 mag-

100 679 323 720 nitudinem
351 687 469 728 atque
497 673 664 720 locum,
706 672 746 710 in
772 682 856 723 quo
882 668 1108 715 invenitur,
1147 664 1222 704 mi·

101 762 174 790 nus
222 758 374 795 nocet,
417 756 534 797 quam
579 739 758 792 Asc-aris
804 735 1132 779 Lambricoikles.
1175 750 1224 759 -

102 814 481 869 Botlzrioceplzalus
522 812 636 853 latus
672 822 712 851 et
745 808 908 850 Taenia
938 804 1094 847 Solium
1123 814 1226 856 quo-

103 900 182 941 que
205 897 346 939 magna
373 884 439 925 sua
467 881 677 936 superficie
706 881 810 920 inter
838 876 958 918 fluida
980 873 1226 915 nobilisfima

103 958 292 1012 degentes
307 985 319 1004 ‚
351 956 537 1008 ingerunt
562 964 607 992 ea
624 982 637 1000 ‚
669 962 770 1002 quae
786 948 836 989 ad
847 947 1107 988 nutritionem
1131 956 1225 985 cor-

104 1029 218 1083 poris
243 1025 372 1066 nostri
399 1022 563 1077 proprie
595 1021 683 1062 sunt
713 1019 918 1059 destinata.
977 1014 1072 1055 Hoc
1103 1015 1228 1068 igitur

103 1099 393 1138 nutrimentum
421 1092 578 1133 tollitur
592 1102 643 1130 eo
659 1090 810 1144 magis,
842 1099 924 1140 quo
941 1085 1069 1139 major
1081 1084 1228 1123 vermi-

105 1179 172 1208 um
198 1177 385 1206 numerus
411 1163 549 1211 adest,
579 1158 684 1201 unde
710 1152 830 1199 facile
858 1155 1006 1209 liquet,
1038 1165 1110 1194 cur
1123 1164 1227 1192 non-

105 1247 307 1289 nunquam
347 1232 486 1274 letales
536 1230 630 1270 fiant
669 1239 837 1269 vermes.
904 1221 1063 1264 Exinde
1105 1223 1231 1276 igitur

108 1303 236 1346 oritur
263 1304 410 1344 macies
436 1301 621 1353 corporis
652 1299 805 1347 totius,
838 1293 1022 1336 debilitas
1061 1292 1232 1346 ingens,

107 1377 191 1416 imo
220 1384 505 1426 nonnunquam
533 1368 731 1422 atrophia.

163 1443 399 1502 Notandum
427 1452 559 1482 autem
589 1450 675 1488 est,
706 1447 861 1478 vermes
889 1447 971 1476 non
999 1432 1121 1475 solam
1148 1431 1236 1472 esse

109 1515 227 1568 hujus
267 1511 542 1554 emaciationis
589 1507 792 1550 caussam:
846 1506 1019 1547 vidimus
1071 1502 1177 1543 enim
1209 1500 1234 1555 §

109 1581 249 1624 XLIX
266 1612 278 1631 ‚
308 1582 511 1622 materiam
537 1577 770 1631 pituitosam
800 1577 1080 1616 intestinorum
1104 1573 1234 1625 parie-

112 1665 192 1694 tem
214 1654 407 1693 internam
437 1649 670 1695 obducere3
702 1645 790 1686 vasa
828 1646 951 1698 igitur
979 1641 1236 1683 absorbentia

111 1736 154 1765 et
195 1721 418 1764 exhalantia
458 1718 759 1772 impediuntur,
792 1714 1018 1767 'quominus
1046 1711 1237 1752 absorbe-

113 1804 180 1835 ant
204 1803 244 1832 et
274 1800 510 1845 praeparent
536 1786 738 1827 nobiliora
768 1783 816 1824 ad
837 1784 1097 1823 nutritionem
1117 1780 1239 1821 desti-

113 1873 205 1903 nata
230 1861 361 1902 fluida.
422 1858 488 1899 Ab
516 1856 639 1897 altera
665 1867 763 1896 vero
803 1864 914 1906 parte
939 1853 1112 1905 benigna
1153 1847 1240 1890 Na-

117 1944 204 1974 tura
232 1930 349 1983 ,illam
394 1927 598 1969 materiem
641 1925 700 1966 ibi
742 1922 918 1978 posuisse
962 1921 1146 1970 videtur,
1188 1929 1239 1958 ne

1161 1988 1242 2029 lae-

119 2100 225 2134 usque
268 2097 397 2122 rectum
447 2086 652 2126 Ascaridibus
691 2082 953 2118 Lumbricozzdibus
990 2088 1060 2115 erat
1096 2078 1243 2119 oblitus,-

122 2147 229 2181 caussa
253 2146 352 2188 igitur
380 2145 493 2179 mortis
523 2150 648 2178 remota
667 2137 930 2174 mamsestisfima.
