1519 2729
724 185 751 242 (
813 200 890 243 130
949 159 985 239 >²

551 365 795 409 PARS
852 363 1195 408 PRIOR.¹

300 562 356 592 DE
384 560 534 597 NOTIS,
566 538 718 601 QUIBUS
748 550 1155 589 0FF1c1A²1²ERFECTA
1187 557 1239 586 AB
1270 556 1423 587 IMPER-

355 631 498 661 FECTIS
528 629 814 658 DISTINGUERE
843 627 1190 657 LABORAVERUNT
1221 626 1364 656 PHILO-

411 699 558 736 SOPHI,
601 699 677 737 QUI
720 695 1008 727 FLORUERUNT
1039 695 1155 722 ANTE
1192 695 1304 737 COM-

465 766 784 802 MUTATIONEM,
817 765 942 806 QUAM
972 764 1246 793 PHILOSOPHIA

549 836 688 865 SUBIIT
719 834 920 865 AUCTORE
949 835 1139 863 KANTJO.

294 1116 469 1204 Vario
489 1170 536 1199 ac
565 1155 720 1198 diverso
749 1156 874 1212 modo
901 1155 1114 1196 discrimen
1141 1157 1242 1196 inter
1261 1154 1421 1209 perfee-

296 1239 336 1270 ta
378 1239 419 1268 et
459 1227 697 1281 imperfecta
734 1226 862 1270 officia
905 1223 1097 1274 definire,
1143 1236 1183 1265 et
1210 1236 1422 1278 utramque

295 1298 473 1350 speciem
508 1294 618 1336 notis
646 1295 735 1350 Vsuis
776 1294 1021 1348 distinguere
1062 1293 1295 1335 laborarunt
1333 1307 1421 1337 eru-

297 1366 385 1406 diti.
444 1365 528 1406 Alii
565 1367 699 1415 enim,
742 1366 811 1418 qui
841 1363 1024 1404 dolorem
1066 1363 1262 1405 summum
1299 1364 1421 1406 habe-

296 1435 394 1476 bant
420 1434 597 1484 malum,
640 1434 782 1476 dolore
815 1435 933 1473 etiam
976 1434 1120 1473 minori
1153 1433 1217 1474 vel
1249 1434 1420 1487 majori,

296 1516 349 1546 ex
382 1504 499 1558 hujus
525 1503 589 1544 vel
620 1503 726 1544 illius
753 1503 870 1544 officii
899 1501 1086 1556 neglectu
1117 1513 1235 1552 orto,
1281 1504 1421 1544 metie-

296 1573 469 1622 bantur,
505 1583 636 1613 utrum
665 1573 713 1612 ad
740 1571 922 1625 perfecta
959 1583 1006 1611 an
1048 1583 1145 1611 vero
1188 1571 1237 1612 ad
1275 1573 1422 1625 imper-

295 1642 405 1684 fecta
447 1642 578 1682 officia
606 1643 713 1682 actio
743 1641 876 1693 aliqua
899 1639 1002 1680 esset
1044 1640 1248 1682 referenda
1335 1641 1420 1682 Alii

295 1710 581 1764 imperfectum
634 1711 808 1751 officium
852 1710 1014 1758 dixere,
1067 1722 1149 1763 quo
1189 1710 1421 1764 praestando

295 1781 365 1822 alii
409 1779 508 1821 fiunt
544 1780 841 1833 perfectioresz,
873 1778 1098 1833 perfectum
1133 1791 1296 1831 autem,
1337 1794 1420 1834 quo

296 1850 489 1906 neglecto
534 1849 633 1890 fiunt
659 1849 994 1902 imperfectiores.
1069 1849 1152 1889 Alii
1191 1850 1232 1890 in
1273 1864 1417 1905 aequa-

297 1920 411 1962 litate
455 1919 663 1961 hominum
702 1932 838 1961 verum
880 1919 1096 1960 discrimen
1138 1920 1210 1961 fibi
1235 1921 1303 1963 vifi
1329 1921 1419 1962 sunt

296 1990 505 2038 invenire,
563 1989 630 2029 alii
685 1990 855 2042 denique
905 1989 980 2029 alia
1037 1991 1076 2029 in
1121 1990 1248 2031 causa.
1350 1989 1418 2031 De

300 2060 363 2101 his
418 2069 549 2099 autem
603 2059 710 2098 notis
761 2056 1016 2111 peculiariter
1065 2071 1181 2113 agere
1236 2058 1417 2114 aggredi-

301 2141 414 2172 mur„
446 2128 699 2168 observantes
726 2128 948 2180 principia,
981 2139 1080 2180 quae
1109 2140 1198 2168 cum
1229 2122 1417 2169 in'Ethi-

299 2210 375 2250 ca,
419 2210 503 2240 tum
537 2199 577 2239 in
601 2197 916 2253 Jurisprudentia
955 2197 1122 2239 naturali
1157 2196 1229 2239 fibi
1272 2197 1416 2240 sumse-

1326 2279 1416 2310 runt
