<?xml version="1.0" encoding="UTF-8"?>
<!DOCTYPE html PUBLIC "-//W3C//DTD XHTML 1.0 Transitional//EN"
    "http://www.w3.org/TR/xhtml1/DTD/xhtml1-transitional.dtd">
<html xmlns="http://www.w3.org/1999/xhtml" xml:lang="en" lang="en">
 <head>
  <title>
</title>
<meta http-equiv="Content-Type" content="text/html;charset=utf-8" />
  <meta name='ocr-system' content='tesseract 3.04.00' />
  <meta name='ocr-capabilities' content='ocr_page ocr_carea ocr_par ocr_line ocrx_word'/>
</head>
<body>
  <div class='ocr_page' id='page_1' title='image "annalesacademiae22acad_0771.png"; bbox 0 0 1519 2729; ppageno 0'>
   <div class='ocr_carea' id='block_1_1' title="bbox 0 2183 15 2288">
    <p class='ocr_par' dir='ltr' id='par_1_1' title="bbox 0 2183 15 2288">
     <span class='ocr_line' id='line_1_1' title="bbox 9 2183 14 2235; baseline 0 0"><span class='ocrx_word' id='word_1_1' title='bbox 9 2183 14 2235; x_wconf 61' lang='lat' dir='ltr'>i</span> 
     </span>
     <span class='ocr_line' id='line_1_2' title="bbox 0 2243 15 2288; baseline 0 0"><span class='ocrx_word' id='word_1_2' title='bbox 0 2243 15 2288; x_wconf 59' lang='grc' dir='ltr'>’ἱ</span> 
     </span>
    </p>
   </div>
   <div class='ocr_carea' id='block_1_2' title="bbox 0 2362 29 2729">
    <p class='ocr_par' dir='ltr' id='par_1_2' title="bbox 0 2362 29 2729">
     <span class='ocr_line' id='line_1_3' title="bbox 0 2362 29 2729; baseline 0 0"><span class='ocrx_word' id='word_1_3' title='bbox 0 2362 29 2729; x_wconf 95' lang='lat' dir='ltr'> </span> 
     </span>
    </p>
   </div>
   <div class='ocr_carea' id='block_1_3' title="bbox 561 152 812 210">
    <p class='ocr_par' dir='ltr' id='par_1_3' title="bbox 561 152 812 210">
     <span class='ocr_line' id='line_1_4' title="bbox 561 152 812 210; baseline -0.012 -1"><span class='ocrx_word' id='word_1_4' title='bbox 561 152 812 210; x_wconf 78' lang='lat'>(137)</span> 
     </span>
    </p>
   </div>
   <div class='ocr_carea' id='block_1_4' title="bbox 132 287 1337 2226">
    <p class='ocr_par' dir='ltr' id='par_1_4' title="bbox 132 287 1267 765">
     <span class='ocr_line' id='line_1_5' title="bbox 132 287 1260 344; baseline -0.006 -9"><span class='ocrx_word' id='word_1_5' title='bbox 132 294 345 342; x_wconf 75' lang='lat' dir='ltr'>addicere,</span> <span class='ocrx_word' id='word_1_6' title='bbox 386 294 427 332; x_wconf 89' lang='lat' dir='ltr'>in</span> <span class='ocrx_word' id='word_1_7' title='bbox 455 291 596 333; x_wconf 84' lang='lat' dir='ltr'>officiis</span> <span class='ocrx_word' id='word_1_8' title='bbox 625 291 818 344; x_wconf 86' lang='lat' dir='ltr'>perfectis</span> <span class='ocrx_word' id='word_1_9' title='bbox 842 292 887 332; x_wconf 87' lang='lat' dir='ltr'>fit</span> <span class='ocrx_word' id='word_1_10' title='bbox 914 287 1166 337; x_wconf 78' lang='lat' dir='ltr'>habendum,</span> <span class='ocrx_word' id='word_1_11' title='bbox 1209 300 1260 329; x_wconf 85' lang='lat' dir='ltr'>an</span> 
     </span>
     <span class='ocr_line' id='line_1_6' title="bbox 132 359 1261 415; baseline -0.006 -11"><span class='ocrx_word' id='word_1_12' title='bbox 132 376 229 404; x_wconf 77' lang='lat' dir='ltr'>vero</span> <span class='ocrx_word' id='word_1_13' title='bbox 285 365 325 402; x_wconf 89' lang='lat' dir='ltr'>in</span> <span class='ocrx_word' id='word_1_14' title='bbox 376 362 641 415; x_wconf 80' lang='lat' dir='ltr'><strong>imperfectis.</strong></span> <span class='ocrx_word' id='word_1_15' title='bbox 686 386 731 398; x_wconf 87' lang='lat'>-</span> <span class='ocrx_word' id='word_1_16' title='bbox 766 361 910 402; x_wconf 82' lang='lat' dir='ltr'>Intima</span> <span class='ocrx_word' id='word_1_17' title='bbox 948 359 1041 409; x_wconf 82' lang='lat' dir='ltr'>illa,</span> <span class='ocrx_word' id='word_1_18' title='bbox 1100 359 1261 412; x_wconf 88' lang='lat' dir='ltr'>inquit,</span> 
     </span>
     <span class='ocr_line' id='line_1_7' title="bbox 133 424 1263 487; baseline -0.004 -15"><span class='ocrx_word' id='word_1_19' title='bbox 133 424 309 473; x_wconf 79' lang='lat' dir='ltr'>veritatis</span> <span class='ocrx_word' id='word_1_20' title='bbox 352 433 505 487; x_wconf 79' lang='lat' dir='ltr'>agnitio</span> <span class='ocrx_word' id='word_1_21' title='bbox 534 445 555 472; x_wconf 84' lang='lat' dir='ltr'>a</span> <span class='ocrx_word' id='word_1_22' title='bbox 585 444 647 471; x_wconf 89' lang='lat' dir='ltr'>me</span> <span class='ocrx_word' id='word_1_23' title='bbox 673 433 792 472; x_wconf 80' lang='lat' dir='ltr'>unice</span> <span class='ocrx_word' id='word_1_24' title='bbox 827 431 1003 484; x_wconf 83' lang='lat' dir='ltr'><strong>pendet,</strong></span> <span class='ocrx_word' id='word_1_25' title='bbox 1035 429 1083 470; x_wconf 91' lang='lat' dir='ltr'>de</span> <span class='ocrx_word' id='word_1_26' title='bbox 1123 441 1168 469; x_wconf 81' lang='lat' dir='ltr'>ea</span> <span class='ocrx_word' id='word_1_27' title='bbox 1195 427 1263 469; x_wconf 88' lang='lat' dir='ltr'>vel</span> 
     </span>
     <span class='ocr_line' id='line_1_8' title="bbox 133 501 1265 556; baseline -0.006 -12"><span class='ocrx_word' id='word_1_28' title='bbox 133 503 356 544; x_wconf 78' lang='lat' dir='ltr'>affirmanda</span> <span class='ocrx_word' id='word_1_29' title='bbox 398 502 463 543; x_wconf 80' lang='lat' dir='ltr'>vel</span> <span class='ocrx_word' id='word_1_30' title='bbox 503 501 683 556; x_wconf 77' lang='lat' dir='ltr'>neganda</span> <span class='ocrx_word' id='word_1_31' title='bbox 724 514 848 554; x_wconf 87' lang='lat' dir='ltr'>penes</span> <span class='ocrx_word' id='word_1_32' title='bbox 879 501 1046 541; x_wconf 82' lang='lat' dir='ltr'>alterum</span> <span class='ocrx_word' id='word_1_33' title='bbox 1082 511 1164 539; x_wconf 92' lang='lat' dir='ltr'>non</span> <span class='ocrx_word' id='word_1_34' title='bbox 1203 508 1265 537; x_wconf 88' lang='lat' dir='ltr'>est</span> 
     </span>
     <span class='ocr_line' id='line_1_9' title="bbox 133 570 1265 626; baseline -0.004 -14"><span class='ocrx_word' id='word_1_35' title='bbox 133 573 356 612; x_wconf 74' lang='lat' dir='ltr'>arbitrium.</span> <span class='ocrx_word' id='word_1_36' title='bbox 418 572 550 626; x_wconf 72' lang='lat' dir='ltr'>Igitur</span> <span class='ocrx_word' id='word_1_37' title='bbox 578 583 639 612; x_wconf 82' lang='lat' dir='ltr'>est</span> <span class='ocrx_word' id='word_1_38' title='bbox 667 572 844 612; x_wconf 85' lang='lat' dir='ltr'>officium</span> <span class='ocrx_word' id='word_1_39' title='bbox 871 570 1152 624; x_wconf 85' lang='lat' dir='ltr'>imperfectum</span> <span class='ocrx_word' id='word_1_40' title='bbox 1169 598 1181 617; x_wconf 89' lang='lat'>,</span> <span class='ocrx_word' id='word_1_41' title='bbox 1223 578 1265 607; x_wconf 88' lang='lat' dir='ltr'>et</span> 
     </span>
     <span class='ocr_line' id='line_1_10' title="bbox 134 640 1267 694; baseline -0.004 -11"><span class='ocrx_word' id='word_1_42' title='bbox 134 644 282 694; x_wconf 83' lang='lat' dir='ltr'>cuique</span> <span class='ocrx_word' id='word_1_43' title='bbox 324 642 536 683; x_wconf 83' lang='lat' dir='ltr'>tribuenda</span> <span class='ocrx_word' id='word_1_44' title='bbox 572 654 632 682; x_wconf 89' lang='lat' dir='ltr'>est</span> <span class='ocrx_word' id='word_1_45' title='bbox 658 642 930 684; x_wconf 82' lang='lat' dir='ltr'>conscientiae</span> <span class='ocrx_word' id='word_1_46' title='bbox 961 640 1148 688; x_wconf 80' lang='lat' dir='ltr'>libertas,</span> <span class='ocrx_word' id='word_1_47' title='bbox 1192 650 1267 692; x_wconf 81' lang='lat' dir='ltr'>per</span> 
     </span>
     <span class='ocr_line' id='line_1_11' title="bbox 132 711 685 765; baseline 0 -13"><span class='ocrx_word' id='word_1_48' title='bbox 132 711 203 765; x_wconf 79' lang='lat' dir='ltr'>Jus</span> <span class='ocrx_word' id='word_1_49' title='bbox 234 712 477 752; x_wconf 62' lang='lat' dir='ltr'>naturaleei</span> <span class='ocrx_word' id='word_1_50' title='bbox 505 713 653 753; x_wconf 86' lang='lat' dir='ltr'>debita.</span> <span class='ocrx_word' id='word_1_51' title='bbox 683 750 685 752; x_wconf 79' lang='grc'>,</span> 
     </span>
    </p>

    <p class='ocr_par' dir='ltr' id='par_1_5' title="bbox 133 779 1279 1599">
     <span class='ocr_line' id='line_1_12' title="bbox 191 779 1268 835; baseline -0.004 -15"><span class='ocrx_word' id='word_1_52' title='bbox 191 780 488 822; x_wconf 83' lang='lat' dir='ltr'>Animadvertit</span> <span class='ocrx_word' id='word_1_53' title='bbox 520 782 619 823; x_wconf 80' lang='lat' dir='ltr'>Fla</span> <span class='ocrx_word' id='word_1_54' title='bbox 638 792 723 822; x_wconf 89' lang='lat' dir='ltr'>ttu</span> <span class='ocrx_word' id='word_1_55' title='bbox 741 794 757 820; x_wconf 92' lang='lat' dir='ltr'>s</span> <span class='ocrx_word' id='word_1_56' title='bbox 800 794 842 835; x_wconf 88' lang='lat' dir='ltr'>p.</span> <span class='ocrx_word' id='word_1_57' title='bbox 886 794 951 835; x_wconf 82' lang='lat'>39.</span> <span class='ocrx_word' id='word_1_58' title='bbox 978 792 1061 820; x_wconf 88' lang='lat' dir='ltr'>non</span> <span class='ocrx_word' id='word_1_59' title='bbox 1088 779 1179 819; x_wconf 87' lang='lat' dir='ltr'>satis</span> <span class='ocrx_word' id='word_1_60' title='bbox 1207 788 1268 816; x_wconf 88' lang='lat' dir='ltr'>es-</span> 
     </span>
     <span class='ocr_line' id='line_1_13' title="bbox 135 849 1278 901; baseline -0.002 -12"><span class='ocrx_word' id='word_1_61' title='bbox 135 850 174 889; x_wconf 90' lang='lat' dir='ltr'>se</span> <span class='ocrx_word' id='word_1_62' title='bbox 228 849 529 891; x_wconf 80' lang='lat' dir='ltr'>determinatam</span> <span class='ocrx_word' id='word_1_63' title='bbox 571 851 680 892; x_wconf 80' lang='lat' dir='ltr'>illam</span> <span class='ocrx_word' id='word_1_64' title='bbox 703 880 716 901; x_wconf 81' lang='lat'>,</span> <span class='ocrx_word' id='word_1_65' title='bbox 755 853 805 892; x_wconf 86' lang='lat' dir='ltr'>ab</span> <span class='ocrx_word' id='word_1_66' title='bbox 847 852 1047 892; x_wconf 82' lang='lat' dir='ltr'>evidentia</span> <span class='ocrx_word' id='word_1_67' title='bbox 1072 849 1239 889; x_wconf 83' lang='lat' dir='ltr'>sumtam</span> <span class='ocrx_word' id='word_1_68' title='bbox 1254 873 1278 896; x_wconf 47' lang='grc' dir='ltr'>,ι</span> 
     </span>
     <span class='ocr_line' id='line_1_14' title="bbox 135 918 1272 975; baseline -0.002 -17"><span class='ocrx_word' id='word_1_69' title='bbox 135 918 414 972; x_wconf 84' lang='lat' dir='ltr'>perfectorum</span> <span class='ocrx_word' id='word_1_70' title='bbox 443 923 667 963; x_wconf 85' lang='lat' dir='ltr'>officiorum</span> <span class='ocrx_word' id='word_1_71' title='bbox 684 933 834 962; x_wconf 81' lang='lat' dir='ltr'>notam.</span> <span class='ocrx_word' id='word_1_72' title='bbox 873 920 1039 975; x_wconf 20' lang='lat' dir='ltr'>*Qualis</span> <span class='ocrx_word' id='word_1_73' title='bbox 1083 920 1188 959; x_wconf 88' lang='lat' dir='ltr'>enim</span> <span class='ocrx_word' id='word_1_74' title='bbox 1210 918 1272 956; x_wconf 90' lang='lat' dir='ltr'>in·</span> 
     </span>
     <span class='ocr_line' id='line_1_15' title="bbox 138 978 1279 1042; baseline -0.003 -14"><span class='ocrx_word' id='word_1_75' title='bbox 138 988 349 1042; x_wconf 67' lang='lat' dir='ltr'>telligitur.</span> <span class='ocrx_word' id='word_1_76' title='bbox 371 978 605 1031; x_wconf 76' lang='lat' dir='ltr'>evidentia?</span> <span class='ocrx_word' id='word_1_77' title='bbox 638 990 996 1031; x_wconf 86' lang='lat' dir='ltr'>Incultisfimorum</span> <span class='ocrx_word' id='word_1_78' title='bbox 1025 989 1236 1028; x_wconf 83' lang='lat' dir='ltr'>hominum</span> <span class='ocrx_word' id='word_1_79' title='bbox 1251 986 1279 1026; x_wconf 69' lang='lat'>‘3-</span> 
     </span>
     <span class='ocr_line' id='line_1_16' title="bbox 139 1054 1271 1101; baseline -0.003 -3"><span class='ocrx_word' id='word_1_80' title='bbox 139 1057 197 1099; x_wconf 92' lang='lat' dir='ltr'>Et</span> <span class='ocrx_word' id='word_1_81' title='bbox 267 1071 375 1099; x_wconf 85' lang='lat' dir='ltr'>certe</span> <span class='ocrx_word' id='word_1_82' title='bbox 432 1060 513 1100; x_wconf 87' lang='lat' dir='ltr'>hoc</span> <span class='ocrx_word' id='word_1_83' title='bbox 564 1062 605 1100; x_wconf 87' lang='lat' dir='ltr'>in</span> <span class='ocrx_word' id='word_1_84' title='bbox 658 1059 748 1101; x_wconf 79' lang='lat' dir='ltr'>casu</span> <span class='ocrx_word' id='word_1_85' title='bbox 805 1060 939 1099; x_wconf 83' lang='lat' dir='ltr'>onmia</span> <span class='ocrx_word' id='word_1_86' title='bbox 1006 1057 1137 1097; x_wconf 88' lang='lat' dir='ltr'>officia</span> <span class='ocrx_word' id='word_1_87' title='bbox 1187 1054 1271 1096; x_wconf 84' lang='lat' dir='ltr'>Im-</span> 
     </span>
     <span class='ocr_line' id='line_1_17' title="bbox 133 1125 1274 1183; baseline -0.004 -15"><span class='ocrx_word' id='word_1_88' title='bbox 133 1127 335 1182; x_wconf 72' lang='lat' dir='ltr'>perfecta</span> <span class='ocrx_word' id='word_1_89' title='bbox 368 1128 502 1169; x_wconf 85' lang='lat' dir='ltr'>forent</span> <span class='ocrx_word' id='word_1_90' title='bbox 533 1130 729 1180; x_wconf 77' lang='lat' dir='ltr'>dicenda,</span> <span class='ocrx_word' id='word_1_91' title='bbox 775 1142 867 1170; x_wconf 90' lang='lat' dir='ltr'>cum</span> <span class='ocrx_word' id='word_1_92' title='bbox 897 1129 1042 1183; x_wconf 82' lang='lat' dir='ltr'>exigua</span> <span class='ocrx_word' id='word_1_93' title='bbox 1083 1125 1274 1181; x_wconf 84' lang='lat' dir='ltr'>(incultis</span> 
     </span>
     <span class='ocr_line' id='line_1_18' title="bbox 141 1196 1275 1252; baseline -0.004 -14"><span class='ocrx_word' id='word_1_94' title='bbox 141 1200 374 1251; x_wconf 73' lang='lat' dir='ltr'>praesertim</span> <span class='ocrx_word' id='word_1_95' title='bbox 418 1199 682 1249; x_wconf 76' lang='lat' dir='ltr'>hominibus⁷</span> <span class='ocrx_word' id='word_1_96' title='bbox 740 1199 878 1252; x_wconf 81' lang='lat' dir='ltr'>quales</span> <span class='ocrx_word' id='word_1_97' title='bbox 921 1198 1054 1239; x_wconf 83' lang='lat' dir='ltr'>adesse</span> <span class='ocrx_word' id='word_1_98' title='bbox 1096 1196 1275 1250; x_wconf 80' lang='lat' dir='ltr'>peregri-</span> 
     </span>
     <span class='ocr_line' id='line_1_19' title="bbox 142 1266 1276 1323; baseline -0.004 -15"><span class='ocrx_word' id='word_1_99' title='bbox 142 1280 306 1308; x_wconf 83' lang='lat' dir='ltr'>natores</span> <span class='ocrx_word' id='word_1_100' title='bbox 361 1268 567 1318; x_wconf 53' lang='lat' dir='ltr'>asserunt,</span> <span class='ocrx_word' id='word_1_101' title='bbox 622 1273 691 1323; x_wconf 84' lang='lat' dir='ltr'>qui</span> <span class='ocrx_word' id='word_1_102' title='bbox 737 1271 870 1322; x_wconf 87' lang='lat' dir='ltr'>specie</span> <span class='ocrx_word' id='word_1_103' title='bbox 912 1269 996 1309; x_wconf 86' lang='lat' dir='ltr'>fere</span> <span class='ocrx_word' id='word_1_104' title='bbox 1035 1279 1197 1308; x_wconf 82' lang='lat' dir='ltr'>externa</span> <span class='ocrx_word' id='word_1_105' title='bbox 1234 1266 1276 1304; x_wconf 89' lang='lat' dir='ltr'>in</span> 
     </span>
     <span class='ocr_line' id='line_1_20' title="bbox 146 1338 1277 1391; baseline -0.004 -12"><span class='ocrx_word' id='word_1_106' title='bbox 146 1338 379 1379; x_wconf 85' lang='lat' dir='ltr'>hominibus</span> <span class='ocrx_word' id='word_1_107' title='bbox 410 1338 646 1391; x_wconf 83' lang='lat' dir='ltr'>censentur)</span> <span class='ocrx_word' id='word_1_108' title='bbox 688 1339 904 1379; x_wconf 81' lang='lat' dir='ltr'>admodum</span> <span class='ocrx_word' id='word_1_109' title='bbox 934 1338 1157 1379; x_wconf 89' lang='lat' dir='ltr'>officiorum</span> <span class='ocrx_word' id='word_1_110' title='bbox 1186 1346 1277 1388; x_wconf 80' lang='lat' dir='ltr'>pars</span> 
     </span>
     <span class='ocr_line' id='line_1_21' title="bbox 145 1407 1277 1461; baseline -0.004 -14"><span class='ocrx_word' id='word_1_111' title='bbox 145 1408 384 1448; x_wconf 78' lang='lat' dir='ltr'>innotuerit.</span> <span class='ocrx_word' id='word_1_112' title='bbox 413 1408 480 1448; x_wconf 92' lang='lat' dir='ltr'>An</span> <span class='ocrx_word' id='word_1_113' title='bbox 500 1422 598 1450; x_wconf 87' lang='lat' dir='ltr'>vero</span> <span class='ocrx_word' id='word_1_114' title='bbox 624 1411 663 1448; x_wconf 90' lang='lat' dir='ltr'>in</span> <span class='ocrx_word' id='word_1_115' title='bbox 679 1408 944 1461; x_wconf 81' lang='lat' dir='ltr'>Philosophia</span> <span class='ocrx_word' id='word_1_116' title='bbox 969 1407 1277 1448; x_wconf 71' lang='lat' dir='ltr'>clarissimorum</span> 
     </span>
     <span class='ocr_line' id='line_1_22' title="bbox 147 1476 1278 1532; baseline -0.002 -17"><span class='ocrx_word' id='word_1_117' title='bbox 147 1476 373 1518; x_wconf 75' lang='lat' dir='ltr'>Virorum?</span> <span class='ocrx_word' id='word_1_118' title='bbox 406 1489 446 1518; x_wconf 92' lang='lat' dir='ltr'>ct</span> <span class='ocrx_word' id='word_1_119' title='bbox 474 1489 584 1518; x_wconf 78' lang='lat' dir='ltr'>certe</span> <span class='ocrx_word' id='word_1_120' title='bbox 620 1479 730 1520; x_wconf 80' lang='lat' dir='ltr'>nulla</span> <span class='ocrx_word' id='word_1_121' title='bbox 757 1478 921 1532; x_wconf 83' lang='lat' dir='ltr'>prorsus</span> <span class='ocrx_word' id='word_1_122' title='bbox 964 1477 1095 1518; x_wconf 84' lang='lat' dir='ltr'>officia</span> <span class='ocrx_word' id='word_1_123' title='bbox 1130 1478 1278 1528; x_wconf 78' lang='lat' dir='ltr'>imper-</span> 
     </span>
     <span class='ocr_line' id='line_1_23' title="bbox 148 1546 889 1599; baseline 0.005 -13"><span class='ocrx_word' id='word_1_124' title='bbox 148 1546 255 1586; x_wconf 79' lang='lat' dir='ltr'>fecta</span> <span class='ocrx_word' id='word_1_125' title='bbox 295 1546 378 1587; x_wconf 80' lang='lat' dir='ltr'>dari</span> <span class='ocrx_word' id='word_1_126' title='bbox 415 1548 583 1588; x_wconf 82' lang='lat' dir='ltr'>diceres,</span> <span class='ocrx_word' id='word_1_127' title='bbox 888 1595 889 1599; x_wconf 11' lang='grc' dir='ltr'><strong>Ἰ</strong></span> 
     </span>
    </p>

    <p class='ocr_par' dir='ltr' id='par_1_6' title="bbox 153 1614 1337 2226">
     <span class='ocr_line' id='line_1_24' title="bbox 207 1614 1278 1670; baseline 0.004 -14"><span class='ocrx_word' id='word_1_128' title='bbox 207 1614 336 1670; x_wconf 85' lang='lat' dir='ltr'>Quod</span> <span class='ocrx_word' id='word_1_129' title='bbox 363 1630 460 1658; x_wconf 89' lang='lat' dir='ltr'>vero</span> <span class='ocrx_word' id='word_1_130' title='bbox 476 1618 525 1658; x_wconf 85' lang='lat' dir='ltr'>ad</span> <span class='ocrx_word' id='word_1_131' title='bbox 552 1617 653 1658; x_wconf 88' lang='lat' dir='ltr'>illud</span> <span class='ocrx_word' id='word_1_132' title='bbox 679 1619 823 1660; x_wconf 88' lang='lat' dir='ltr'>attinet</span> <span class='ocrx_word' id='word_1_133' title='bbox 852 1619 1086 1667; x_wconf 83' lang='lat' dir='ltr'>criterium,</span> <span class='ocrx_word' id='word_1_134' title='bbox 1117 1629 1201 1669; x_wconf 91' lang='lat' dir='ltr'>quo</span> <span class='ocrx_word' id='word_1_135' title='bbox 1215 1616 1248 1654; x_wconf 85' lang='lat' dir='ltr'>is</span> <span class='ocrx_word' id='word_1_136' title='bbox 1265 1644 1278 1660; x_wconf 71' lang='grc'><em>,</em></span> 
     </span>
     <span class='ocr_line' id='line_1_25' title="bbox 154 1685 1282 1741; baseline -0.001 -17"><span class='ocrx_word' id='word_1_137' title='bbox 154 1686 287 1737; x_wconf 84' lang='lat' dir='ltr'>quiab</span> <span class='ocrx_word' id='word_1_138' title='bbox 318 1687 446 1728; x_wconf 85' lang='lat' dir='ltr'>altero</span> <span class='ocrx_word' id='word_1_139' title='bbox 473 1688 628 1739; x_wconf 80' lang='lat' dir='ltr'>aliquid</span> <span class='ocrx_word' id='word_1_140' title='bbox 657 1688 931 1741; x_wconf 81' lang='lat' dir='ltr'>praestandum</span> <span class='ocrx_word' id='word_1_141' title='bbox 962 1687 1177 1740; x_wconf 78' lang='lat' dir='ltr'>exposcit,</span> <span class='ocrx_word' id='word_1_142' title='bbox 1209 1685 1282 1725; x_wconf 87' lang='lat' dir='ltr'>fibi</span> 
     </span>
     <span class='ocr_line' id='line_1_26' title="bbox 154 1751 1290 1811; baseline -0.001 -17"><span class='ocrx_word' id='word_1_143' title='bbox 154 1755 378 1808; x_wconf 86' lang='lat' dir='ltr'>persuasum</span> <span class='ocrx_word' id='word_1_144' title='bbox 405 1758 551 1798; x_wconf 83' lang='lat' dir='ltr'>habere</span> <span class='ocrx_word' id='word_1_145' title='bbox 580 1758 723 1806; x_wconf 83' lang='lat' dir='ltr'>debet,</span> <span class='ocrx_word' id='word_1_146' title='bbox 761 1758 800 1808; x_wconf 83' lang='lat' dir='ltr'>se</span> <span class='ocrx_word' id='word_1_147' title='bbox 830 1757 931 1799; x_wconf 79' lang='lat' dir='ltr'>iliud</span> <span class='ocrx_word' id='word_1_148' title='bbox 960 1768 1148 1811; x_wconf 84' lang='lat' dir='ltr'>expetere</span> <span class='ocrx_word' id='word_1_149' title='bbox 1162 1751 1290 1809; x_wconf 46' lang='lat' dir='ltr'>posse*</span> 
     </span>
     <span class='ocr_line' id='line_1_27' title="bbox 153 1822 1284 1883; baseline 0 -20"><span class='ocrx_word' id='word_1_150' title='bbox 153 1835 194 1864; x_wconf 88' lang='lat' dir='ltr'>ct</span> <span class='ocrx_word' id='word_1_151' title='bbox 234 1825 410 1878; x_wconf 77' lang='lat' dir='ltr'>dehere,</span> <span class='ocrx_word' id='word_1_152' title='bbox 463 1827 712 1882; x_wconf 85' lang='lat' dir='ltr'>alterumque</span> <span class='ocrx_word' id='word_1_153' title='bbox 752 1841 774 1869; x_wconf 85' lang='lat' dir='ltr'>a</span> <span class='ocrx_word' id='word_1_154' title='bbox 816 1842 900 1883; x_wconf 88' lang='lat' dir='ltr'>quo</span> <span class='ocrx_word' id='word_1_155' title='bbox 942 1829 984 1869; x_wconf 91' lang='lat' dir='ltr'>id</span> <span class='ocrx_word' id='word_1_156' title='bbox 1022 1827 1208 1881; x_wconf 86' lang='lat' dir='ltr'>exposcit</span> <span class='ocrx_word' id='word_1_157' title='bbox 1233 1822 1284 1864; x_wconf 82' lang='lat' dir='ltr'>ad</span> 
     </span>
     <span class='ocr_line' id='line_1_28' title="bbox 154 1894 1337 1951; baseline 0.001 -18"><span class='ocrx_word' id='word_1_158' title='bbox 154 1894 239 1947; x_wconf 87' lang='lat' dir='ltr'>ejus</span> <span class='ocrx_word' id='word_1_159' title='bbox 280 1896 583 1947; x_wconf 81' lang='lat' dir='ltr'>praestationem</span> <span class='ocrx_word' id='word_1_160' title='bbox 624 1898 851 1940; x_wconf 81' lang='lat' dir='ltr'>necessario</span> <span class='ocrx_word' id='word_1_161' title='bbox 906 1900 989 1939; x_wconf 88' lang='lat' dir='ltr'>esse</span> <span class='ocrx_word' id='word_1_162' title='bbox 1033 1898 1281 1951; x_wconf 83' lang='lat' dir='ltr'>obligatum,</span> <span class='ocrx_word' id='word_1_163' title='bbox 1328 1901 1337 1918; x_wconf 66' lang='lat'>²</span> 
     </span>
     <span class='ocr_line' id='line_1_29' title="bbox 154 1962 1283 2021; baseline 0.002 -18"><span class='ocrx_word' id='word_1_164' title='bbox 154 1962 188 2004; x_wconf 89' lang='lat' dir='ltr'>F</span> <span class='ocrx_word' id='word_1_165' title='bbox 203 1963 253 2004; x_wconf 83' lang='lat' dir='ltr'>la</span> <span class='ocrx_word' id='word_1_166' title='bbox 269 1977 283 2005; x_wconf 93' lang='lat' dir='ltr'>t</span> <span class='ocrx_word' id='word_1_167' title='bbox 299 1976 313 2004; x_wconf 95' lang='lat' dir='ltr'>t</span> <span class='ocrx_word' id='word_1_168' title='bbox 330 1979 353 2006; x_wconf 95' lang='lat' dir='ltr'>u</span> <span class='ocrx_word' id='word_1_169' title='bbox 372 1979 389 2005; x_wconf 93' lang='lat' dir='ltr'>s</span> <span class='ocrx_word' id='word_1_170' title='bbox 414 1978 523 2007; x_wconf 88' lang='lat' dir='ltr'>recte</span> <span class='ocrx_word' id='word_1_171' title='bbox 553 1967 831 2008; x_wconf 81' lang='lat' dir='ltr'>animadvertit</span> <span class='ocrx_word' id='word_1_172' title='bbox 845 1999 858 2015; x_wconf 82' lang='lat'>‚</span> <span class='ocrx_word' id='word_1_173' title='bbox 889 1969 1036 2021; x_wconf 86' lang='lat' dir='ltr'>requiri</span> <span class='ocrx_word' id='word_1_174' title='bbox 1057 1967 1283 2008; x_wconf 83' lang='lat' dir='ltr'>accuratio-</span> 
     </span>
     <span class='ocr_line' id='line_1_30' title="bbox 154 2035 1280 2091; baseline 0.001 -17"><span class='ocrx_word' id='word_1_175' title='bbox 154 2046 236 2075; x_wconf 81' lang='lat' dir='ltr'>rem</span> <span class='ocrx_word' id='word_1_176' title='bbox 259 2048 299 2075; x_wconf 90' lang='lat' dir='ltr'>et</span> <span class='ocrx_word' id='word_1_177' title='bbox 317 2035 561 2088; x_wconf 78' lang='lat' dir='ltr'>superiorem</span> <span class='ocrx_word' id='word_1_178' title='bbox 587 2037 716 2077; x_wconf 85' lang='lat' dir='ltr'>adhuc</span> <span class='ocrx_word' id='word_1_179' title='bbox 745 2036 906 2091; x_wconf 76' lang='lat' dir='ltr'>legem,</span> <span class='ocrx_word' id='word_1_180' title='bbox 937 2050 1016 2090; x_wconf 84' lang='lat' dir='ltr'>qua</span> <span class='ocrx_word' id='word_1_181' title='bbox 1047 2036 1280 2084; x_wconf 80' lang='lat' dir='ltr'>definiatur,</span> 
     </span>
     <span class='ocr_line' id='line_1_31' title="bbox 153 2105 1281 2156; baseline 0.002 -12"><span class='ocrx_word' id='word_1_182' title='bbox 153 2105 300 2156; x_wconf 87' lang='lat' dir='ltr'>quibus</span> <span class='ocrx_word' id='word_1_183' title='bbox 358 2106 513 2146; x_wconf 84' lang='lat' dir='ltr'>tandem</span> <span class='ocrx_word' id='word_1_184' title='bbox 571 2107 723 2148; x_wconf 76' lang='lat' dir='ltr'>casibus</span> <span class='ocrx_word' id='word_1_185' title='bbox 766 2108 1021 2148; x_wconf 85' lang='lat' dir='ltr'>coactionem</span> <span class='ocrx_word' id='word_1_186' title='bbox 1063 2106 1281 2154; x_wconf 83' lang='lat' dir='ltr'>adhibere,</span> 
     </span>
     <span class='ocr_line' id='line_1_32' title="bbox 154 2174 736 2226; baseline 0.007 -12"><span class='ocrx_word' id='word_1_187' title='bbox 154 2174 327 2221; x_wconf 76' lang='lat' dir='ltr'>officium</span> <span class='ocrx_word' id='word_1_188' title='bbox 359 2175 431 2226; x_wconf 83' lang='lat' dir='ltr'>fit,</span> <span class='ocrx_word' id='word_1_189' title='bbox 484 2175 547 2218; x_wconf 87' lang='lat' dir='ltr'>vel</span> <span class='ocrx_word' id='word_1_190' title='bbox 592 2177 736 2218; x_wconf 87' lang='lat' dir='ltr'>minus.</span> 
     </span>
    </p>
   </div>
   <div class='ocr_carea' id='block_1_5' title="bbox 1166 2245 1280 2287">
    <p class='ocr_par' dir='ltr' id='par_1_7' title="bbox 1166 2245 1280 2287">
     <span class='ocr_line' id='line_1_33' title="bbox 1166 2245 1280 2287; baseline -0.018 0"><span class='ocrx_word' id='word_1_191' title='bbox 1166 2245 1280 2287; x_wconf 86' lang='lat' dir='ltr'>Prin-</span> 
     </span>
    </p>
   </div>
  </div>
 </body>
</html>
