1519 2729
745 127 972 228 (34)

292 308 477 352 Habetur
516 310 556 351 in
592 305 773 350 ‘hominis
811 310 968 363 cystide
1023 308 1170 362 fellea;
1215 308 1335 353 color
1360 311 1411 356 ,εἰ

291 391 353 422 est
379 379 444 422 vel
469 379 688 422 flavescens
717 379 781 422 vel
810 381 1026 424 virescens.

778 517 804 575 ς
835 521 912 563 ΙΧ,

428 659 661 716 Polystoma
679 659 934 712 pinguicola
962 659 1086 705 Rcm.
1118 658 1200 716 (ι)
1230 671 1272 705 et

686 727 865 772 BREMS.
892 727 988 785 (2).
1217 754 1223 761 ν

332 865 622 923 Polystomatis
650 867 860 910 character
885 871 1099 925 genericus
1123 880 1213 911 est:
1252 882 1405 925 corpus

287 936 413 977 molle
429 968 442 988 ‚
472 938 715 992 depressum.
1238 953 1239 956 ’

331 1005 835 1062 Polystomoepinguicola
864 1019 963 1050 octo
993 1009 1156 1062 circiter
1184 1008 1312 1050 lineas
1342 1018 1405 1049 est

271 1075 442 1132 longum
479 1089 558 1118 tres
598 1078 682 1119 fere
723 1077 879 1128 latum,
923 1079 1156 1120 flavescens.
1217 1076 1403 1119 Habetur

275 1146 318 1187 in
345 1147 561 1211 tuberculo
584 1160 800 1191 contextus
829 1148 1012 1191 cellulofi
1041 1149 1167 1190 ovarii
1195 1147 1373 1190 humani.

787 1286 897 1342 §x.

478 1426 712 1483 Polystoma
739 1439 946 1470 venarum
973 1424 1096 1468 RUD.
1124 1423 1220 1482 (3).

325 1549 372 1592 In
410 1564 511 1593 vena
547 1553 674 1594 tibiali
716 1554 847 1594 antica
887 1553 1063 1594 hominis
1102 1553 1143 1593 in
1188 1553 1312 1595 fluvio
1343 1551 1401 1594 la-

266 1622 397 1662 vantis
439 1622 619 1676 disrupta
660 1622 1016 1664 Treutlerus
1061 1623 1283 1676 specimina
1314 1623 1396 1664 duo

271 1692 437 1744 reperit.

335 1760 438 1802 Tres
481 1761 555 1803 hae
593 1763 790 1803 vermium
835 1761 989 1816 species
1024 1763 1148 1804 ramas
1155 1773 1217 1803 me
1247 1762 1399 1802 inveni-

267 1842 388 1872 untur
417 1833 457 1871 in
491 1831 668 1872 humano
709 1845 914 1887 empore,
959 1844 1090 1885 neque
1132 1831 1258 1873 ullum
1293 1830 1399 1884 apud

266 1913 426 1942 nostrae
466 1903 598 1956 gentis
640 1902 857 1956 scriptores
912 1915 1088 1942 vermem
1141 1901 1396 1943 observatum

270 1970 385 2026 legi,
416 1973 486 2026 qui
515 1972 593 2014 huc
623 1973 842 2014 commode
871 1973 1008 2026 posset
1034 1972 1192 2013 referri.

1266 2029 1293 2082 ς
1322 2028 1396 2071 XI.

314 2101 378 2151 (ι)
402 2108 472 2143 Ru
489 2109 508 2142 d
525 2109 655 2153 olph.
679 2111 701 2145 l.
730 2110 753 2145 l.
776 2113 852 2146 Vol.
874 2112 900 2147 1.
927 2123 958 2155 p.
987 2119 1066 2155 455.
1091 2111 1168 2154 Syn.
1190 2120 1226 2154 p.
1252 2118 1328 2153 125.

312 2163 673 2210 (2)13rems.1.1.
697 2178 729 2210 p.
755 2177 832 2210 233.

311 2219 375 2266 (3)
401 2221 469 2256 Ru
487 2220 651 2264 dolph.
676 2224 697 2256 1.
723 2225 744 2258 1.
768 2225 843 2259 Vol.
868 2225 894 2259 Ι.
918 2234 952 2267 p.
975 2225 1054 2267 456.
1080 2223 1156 2265 Syn.
1177 2232 1211 2265 p.
1238 2221 1312 2257 126.
