1519 2729
619 183 844 244 (¹27)

148 331 205 374 do
233 327 396 385 prorsus
422 325 772 369 accommodatam
789 353 802 374 ,
834 319 1029 374 fimulque
1045 330 1086 360 et
1109 317 1159 359 ad
1181 324 1286 371 pec-¹

152 424 216 456 tus
258 424 365 453 casta
403 407 573 464 quadam
612 419 734 462 atque
776 408 950 462 ingenua
977 401 1281 444 hilaritate'im-

152 495 346 552 piendum
375 493 632 546 sensibusque
661 488 965 532 sublimioribus
989 483 1296 532 imbuendum,-

153 591 195 621 et
221 578 272 621 ad
299 590 440 619 omnes
467 577 643 617 honesto
671 574 868 615 fraternae
905 570 1082 612 caritatis
1119 564 1290 608 vinculo

155 661 411 717 copulandos
428 690 441 710 ,
458 671 513 710 ,εἰ
539 659 589 700 ad
617 655 887 698 emolliendos
916 665 1070 702 mores,
1108 649 1290 691 virtutis-

157 758 268 800 que,
310 746 351 785 in
394 756 473 798 qua
511 742 777 797 praecipuum
802 739 999 780 humanae
1028 745 1192 775 naturae
1222 731 1291 772 de-

158 841 232 872 cus
262 828 435 882 positum
465 825 592 875 esset,
624 835 803 864 amorem
834 818 1123 862 inculcandum
1153 813 1302 872 mirifi-·

160 925 209 954 ce
248 920 546 963 comparatam:
592 907 710 960 cujus
749 917 834 958 quo
879 901 1201 943 observantiores
1230 896 1296 937 fo-

160 1005 277 1044 rent,
323 1005 375 1033 eo
413 991 607 1046 majorem
636 992 733 1029 cum
759 986 867 1040 apud
892 984 930 1025 se
955 984 1134 1024 invicem
1151 1011 1165 1030 ,
1211 990 1298 1020 tum

161 1076 269 1131 apud
297 1087 459 1116 exteros
487 1073 658 1128 gloriam
686 1069 818 1111 essent
846 1066 1120 1109 consecuturi.
1181 1061 1297 1104 Haec

161 1174 261 1202 vero
288 1171 372 1200 non
402 1170 449 1198 ea
474 1156 639 1211 quidem
665 1153 796 1209 gloria
816 1162 900 1192 erat
916 1180 930 1201 ‚
973 1161 1076 1203 quae
1113 1145 1318 1202 singulari?

165 1243 237 1285 suo
263 1240 476 1296 splendore
507 1237 654 1280 oculos
683 1236 858 1277 traheret
884 1233 1059 1274 aliorum
1083 1243 1125 1272 et
1150 1240 1304 1284 prope-

166 1324 334 1366 modum
364 1322 700 1378 praestringeret.,
739 1316 806 1359 sed
835 1328 938 1370 quae
967 1316 1149 1369 benigno
1166 1312 1238 1354 suo
1254 1324 1306 1353 ac

167 1408 334 1464 placido
383 1406 534 1447 lumine
581 1403 677 1444 illos
717 1401 890 1442 maxime
935 1397 1122 1439 deliniret
1162 1396 1305 1449 ipsos,

168 1493 240 1547 qui
262 1490 313 1531 ad
341 1502 428 1530 eam
459 1488 657 1544 generoso
682 1484 770 1526 nisu
798 1481 1105 1525 contenderent.
1177 1477 1308 1534 Quod

171 1575 198 1616 fi
226 1576 349 1629 igitur
375 1572 552 1614 Hebraei
577 1567 837 1616 honorifico,
869 1579 953 1620 quo
983 1565 1175 1606 divinitus
1198 1561 1307 1603 beati

171 1668 313 1707 erant,
345 1654 550 1696 beneficio
577 1650 904 1706 respondissent,
936 1649 1070 1704 gentis
1097 1647 1189 1688 suae
1218 1645 1307 1699 dig-

134 1794 136 1796 Υ
174 1743 342 1783 nitatem
373 1741 477 1780 inter
507 1735 739 1778 Orientales
765 1732 975 1775 universos
1004 1732 1059 1772 ita
1080 1727 1309 1784 potuissent

176 1824 395 1872 sustinere,
440 1833 485 1863 ut
513 1820 636 1874 apud
663 1830 819 1862 omnes
859 1816 1032 1857 idoneos
1069 1813 1227 1869 judices
1268 1812 1310 1851 in

176 1918 228 1949 co
247 1937 259 1956 ,
291 1905 404 1959 quod
433 1917 476 1945 re
501 1917 593 1945 vera
623 1900 849 1957 gloriosum
890 1898 1020 1947 esset,
1063 1908 1158 1950 prae
1185 1895 1310 1936 affini-

180 1991 257 2031 bus
286 1988 410 2043 longe
436 1987 650 2047 eminuisse
678 1984 934 2026 censerentur
960 1979 1189 2028 Arabibus‚
1220 1977 1314 2018 fibi-

180 2085 262 2127 que
302 2071 352 2113 ab
396 2054 463 2112 ἰίεΧ
485 2069 702 2124 diligenter
733 2065 914 2115 cavisse,
958 2071 1240 2117 quaecumque
1271 2062 1312 2101 in

181 2157 244 2196 his
282 2155 427 2196 merito
470 2152 719 2206 culpentur<
761 2148 841 2191 Sed
867 2148 997 2188 nostis
1031 2145 1314 2188 Hebraeorum

180 2240 420 2290 historiam,
463 2236 515 2280 A.
546 2235 598 2278 A.
687 2231 862 2284 Nostis,
907 2231 1027 2274 fuisse
1068 2229 1233 2285 quIdem
1263 2228 1313 2268 iis

1253 2322 1313 2352 vi-
