1519 2729
687 186 718 249 (
774 197 829 249 84
886 193 912 248 )

696 278 699 282 Ι
712 331 749 384 5.
767 328 919 373 wa.

279 475 283 480 ·
307 465 354 508 In
382 470 680 510 enumeratione
704 479 844 510 eorum
861 498 874 517 ‚
906 469 975 522 qui
1003 468 1044 508 in
1063 457 1259 508 inethodo
1274 459 1277 461 ’
1294 462 1365 507 'na-

252 536 367 576 turali
396 537 498 578 bene
536 537 811 579 constituenda
844 537 1015 578 multum
1058 536 1360 590 praestiterunt,

248 604 394 646 ultimo
421 606 519 647 loco
548 606 728 648 citandus
743 617 863 647 restat
893 606 928 647 C
945 616 1032 646 urt
1049 607 1132 646 ius
1161 605 1298 658 Spre
1319 617 1365 644 n·

247 673 365 728 gel,
410 676 481 728 qui
517 676 557 715 in
599 687 721 728 opere
752 672 859 728 (1),
905 676 1019 729 cujus
1045 676 1124 729 jam
1154 675 1254 715 duae
1280 673 1365 713 edi-

247 744 378 783 tiones
403 745 444 784 in
468 743 601 785 lucem
630 744 742 784 datae
770 744 885 794 sunt,
932 745 973 785 in
1011 743 1152 785 ultima
1177 742 1331 784 scilicet
1347 771 1361 790 ,

253 824 334 854 100
362 823 567 854 enumerat
594 812 766 853 familias
790 812 1018 863 naturales,
1063 825 1183 868 quem
1222 823 1367 852 numeae

245 894 334 922 rum
363 884 405 922 in
429 894 540 923 novo
568 894 692 935 opere
720 879 801 936 (α)
830 883 880 923 ad
913 895 990 924 110
1021 895 1146 936 usque
1186 882 1362 922 adauxit.

247 949 337 992 Hae
370 963 531 993 centum
573 963 614 991 et
654 951 793 993 decem
838 950 1012 992 familiae
1049 952 1266 1006 praecipue
1313 962 1364 990 ex

219 1009 222 1011 ’
245 1030 382 1061 earum
408 1021 639 1061 nutritionis
667 1022 826 1075 organis
853 1023 892 1062 in
908 1033 910 1035 ’
929 1032 1102 1074 quatuor
1135 1012 1364 1061 dividuntur

247 1089 423 1140 classes,
465 1103 631 1143 quarum
669 1092 798 1144 prima
838 1089 994 1143 plantas
1020 1091 1203 1131 continet
1234 1088 1362 1130 cellu-

248 1158 377 1208 lares,
429 1169 585 1200 ceterae
632 1169 710 1199 tres
760 1159 984 1201 vasculares
1034 1159 1071 1200 C
1088 1172 1146 1199 an
1163 1158 1357 1199 dollii.

247 1227 275 1268 S
293 1241 319 1281 p
334 1240 387 1268 re
403 1240 429 1267 n
444 1240 505 1283 ge
521 1228 562 1269 li
576 1241 604 1281 u
620 1241 638 1269 s
678 1227 820 1270 deinde
861 1229 1016 1282 plantas
1046 1227 1272 1270 vasculares
1311 1229 1364 1267 ita

248 1297 483 1347 distribuit,
527 1309 572 1338 ut
598 1299 637 1338 in
666 1298 794 1352 prima
821 1298 946 1339 classe
974 1298 1043 1339 has
1076 1297 1231 1351 plantas
1267 1308 1393 1338 enu-.

249 1377 405 1414 meret,
449 1379 551 1419 quae
579 1366 740 1420 quidem
767 1367 914 1408 semina
942 1378 1063 1416 vera,
1108 1368 1270 1407 minime
1295 1378 1364 1406 au—

249 1446 330 1476 tem
373 1435 486 1476 sexus
528 1436 741 1477 distInetos
780 1437 941 1479 habent.
1030 1435 1194 1477 Haecce
1230 1435 1362 1476 classis

247 1505 439 1545 convenit
482 1518 575 1547 cum
621 1505 840 1561 endogent‘s
879 1504 944 1545 vel
1000 1504 1362 1559 meinocotyledoni-

246 1573 323 1614 bus
363 1575 686 1629 cryptogamicis
727 1574 1043 1616 Candollii.
1117 1573 1164 1614 In
1192 1573 1363 1614 secunda

247 1645 501 1696 reperiuntur
526 1644 759 1699 endogenae
792 1643 1210 1698 phanerogamicae,
1241 1655 1283 1685 et
1321 1645 1362 1686 in

248 1710 369 1753 tertia
394 1723 605 1766 exegenae
625 1712 804 1768 ejusdem
831 1715 1023 1757 auctoriS.

291 1831 356 1879 (ι)
379 1836 552 1881 Anteitung
577 1848 639 1872 zm·
666 1826 842 1883 Kenntniss
863 1840 922 1877 der
948 1837 1108 1883 Gewdchse
1122 1863 1134 1880 ‚
1170 1837 1359 1873 Halle1808

248 1898 285 1927 et
315 1892 410 1936 1817.
1192 1917 1195 1920 .

290 1944 353 1989 (2)
389 1948 580 1994 Grundziige
617 1950 674 1987 der
724 1949 1029 1999 wiascnsphffllichen
1065 1949 1355 1996 Psiamzenlemus'e,

246 2001 388 2048 Leipzig
414 2005 508 2043 1820.

1169 2248 1199 2308 ς
1226 2247 1359 2294 va.
