1519 2729
710 162 738 216 (
804 131 966 220 140⁸>

258 304 419 357 quentia
446 301 789 344 animadvertenda
823 303 967 344 habeo.
1027 283 1255 344 Consensus
1294 315 1379 343 om-

233 376 366 414 *nium
398 374 605 413 hominum
647 374 749 412 inter
770 372 808 411 se
835 373 1038 414 absolutus
1068 383 1128 412 est
1157 384 1247 419 res,
1279 384 1380 425 quae

257 456 307 484 ne
324 444 494 497 cogitari
509 443 669 496 quidem
684 453 831 494 pot-est.
860 455 883 482 -1
895 443 930 482 ⁰.
947 441 1072 495 Quod
1087 442 1210 494 igitur
1223 440 1380 490 Titius,

257 513 382 566 Cajus
399 544 412 561 ,
445 511 704 564 Sempronius
732 523 772 550 et
799 511 984 552 Maevius
1012 511 1190 551 facerent
1206 522 1246 551 et
1268 523 1382 565 opta-

256 593 373 630 rent,
407 583 434 622 fi
459 581 572 622 Pauli
599 583 638 621 in
668 581 767 621 loco
804 581 932 620 essent
962 580 1195 628 constituti,
1232 581 1382 634 justum

255 662 317 692 est
339 662 379 691 et
406 651 633 702 extorqueri
665 660 812 702 potest.
871 648 1021 689 Verum
1059 651 1275 701 requiritur
1306 650 1381 700 iam

257 721 475 773 primario,
517 730 560 759 ut
603 719 643 758 hi
686 730 824 757 omnes
864 719 967 757 inter
1007 717 1088 758 sese
1131 718 1382 760 consentiant

256 789 467 843 perfecte,
512 788 560 828 de
594 799 643 826 eo
681 788 792 839 quod
833 787 903 828 fibi
951 787 1036 827 fieri
1074 787 1228 838 velint,
1273 788 1384 840 quod

257 860 420 913 quidem
461 859 503 899 in
543 858 751 898 hominum
794 858 988 907 752.sove'{‘1x
1025 869 1106 898 non
1135 868 1195 898 est
1222 858 1383 911 praesu-

257 930 463 970 mendum.
1026 931 1032 935 ’

318 999 381 1041 2⁰.
412 998 494 1040 Sed
530 1000 556 1040 fi
595 998 727 1050 aliqua
763 999 803 1037 in
842 996 955 1037 causa
980 998 1189 1039 hominum
1219 997 1382 1051 opinio-

257 1081 328 1110 nes
357 1073 398 1109 e't
423 1080 518 1108 vota
545 1069 824 1115 consentiant,
855 1069 1069 1108 certissime
1085 1069 1159 1108 erit
1176 1067 1276 1118 illa,
1304 1081 1384 1122 qua

258 1138 369 1180 nulla
396 1139 608 1179 coactione
628 1138 730 1179 affici
760 1136 798 1176 se
827 1147 981 1190 optant.
1069 1137 1203 1178 Titius
1230 1138 1381 1192 igitur,

259 1209 385 1262 Cajus
429 1207 716 1260 Sempronius,
761 1205 948 1246 Maevius
994 1206 1102 1246 idem
1129 1207 1210 1260 jam
1237 1206 1382 1247 sentire

260 1291 462 1333 coguntur
500 1276 612 1331 quod
637 1274 782 1316 Paulus
808 1276 926 1316 sentit
956 1277 1047 1329 ipsis
1077 1277 1310 1331 obligatus,
1341 1289 1383 1316 et

256 1348 418 1400 quidvis
444 1350 581 1401 potius
609 1357 779 1398 optanS,
810 1359 928 1399 quam
973 1357 1017 1386 ut
1056 1346 1177 1398 ipfius
1206 1347 1381 1387 credito-

258 1430 322 1458 res
361 1430 434 1470 per
471 1418 552 1456 vim
606 1427 646 1455 et
688 1411 945 1456 coactionex'n
986 1414 1056 1468 Jus
1094 1415 1205 1456 stium
1247 1414 1381 1469 persc-

259 1499 442 1542 quantur.

280 1588 293 1595 ,.
317 1556 382 1610 3⁰.
427 1555 534 1597 Cum
575 1552 644 1595 hic
685 1554 787 1593 ratio
834 1552 1026 1595 habeatur
1076 1555 1196 1594 unice
1239 1565 1379 1594 eorum

234 1639 360 1679 ‘quae
400 1626 525 1665 homo
568 1623 709 1672 sentit,
754 1635 872 1676 atque
917 1624 964 1662 iis
998 1623 1098 1682 adeo
1138 1633 1268 1664 totum
1317 1622 1379 1676 ju-

258 1699 311 1737 ris
341 1696 586 1750 principium
617 1695 833 1740 innitatur,
859 1693 1022 1733 neccsse
1063 1705 1123 1734 est
1161 1692 1379 1746 profecto,

257 1778 302 1807 ut
356 1766 451 1807 adfit
493 1764 673 1817 superior
726 1762 818 1811 lex,
887 1775 965 1815 qua
1013 1762 1225 1811 definitur,
1284 1762 1379 1815 quid

258 1835 414 1876 tandem
471 1835 654 1874 homines
710 1832 841 1882 vesse,
885 1833 983 1886 quid
1026 1845 1165 1886 optare
1221 1830 1378 1872 tenean-

257 1917 334 1946 tur.
393 1903 643 1956 Ceteroquin
672 1904 776 1942 enim
804 1916 880 1955 pro
910 1903 1184 1958 cujuscunque
1211 1903 1378 1943 arbitrio

255 1976 325 2030 Jus
366 1975 564 2029 quoddam
606 1972 936 2034 constitueretur,
985 1985 1025 2013 et
1067 1975 1137 2015 fibi
1179 1957 1377 2015 contraria

258 2048 420 2098 quaevis
438 2077 450 2095 ‚
480 2046 536 2085 uti
566 2036 766 2092 Vmidum,
796 2043 938 2083 exinde
966 2055 1047 2082 non
1074 2056 1164 2084 raro
1192 2041 1374 2097 proficis-

258 2127 457 2155 cerentur.
518 2115 559 2153 Si
588 2113 653 2153 vel
682 2113 926 2161 assumatur,
966 2112 1080 2153 illum
1124 2112 1374 2153 intellectum

259 2185 438 2224 omnium
477 2184 579 2223 inter
628 2182 666 2222 se
714 2182 1027 2223 consentientem
1085 2181 1168 2223 esse
1222 2181 1374 2222 sensnm

1249 2262 1371 2304 quen-
