1519 2729
639 181 868 241 (31)

165 327 316 381 quibus
342 324 453 367 haud·
489 324 574 366 scio
614 337 664 365 an
701 324 784 366 ulla
809 334 1000 376 umquam
1031 320 1303 376 splendidiora

98 426 102 430 ·
167 410 317 452 fuerint
341 408 502 463 judaeis
530 409 738 464 magisque
768 406 970 463 gloriosa!
1015 406 1134 448 Tunc
1164 407 1303 457 enim,

164 493 280 547 quod
307 505 409 533 unus
437 494 498 532 vir
526 505 619 533 cum
649 491 876 533 admirabili
915 502 955 531 et
991 490 1232 531 fortitudine
1261 501 1304 531 et

167 576 380 631 prudentia
404 575 571 630 aggredi
601 573 716 615 ausus
757 585 868 624 erat,
915 574 1127 628 perfecere
1169 572 1305 614 fclici-

124 671 127 673 ·
168 669 229 700 ter
258 659 345 715 ejus
373 657 637 699 successores.
699 657 963 713 Religionem
990 669 1037 699 ac
1065 657 1235 710 patriam
1251 656 1304 696 ab

166 742 344 783 inaudita
368 743 475 796 regis
503 741 698 794 Syrorum
728 740 929 787 Antiochi
958 739 1187 794 Epiphanis
1210 753 1305 781 cru-

167 825 334 866 delitate
358 824 641 875 vindicarunt,
686 835 881 878 partaque
908 824 1067 865 tandem
1095 838 1142 866 ac
1183 823 1306 866 stabi-

166 908 239 949 lita
277 908 492 957 libertate,
539 907 835 961 rempublicam
877 907 927 948 ad
954 907 1152 948 summum
1189 920 1307 961 pros-

109 1017 113 1020 -
170 992 354 1044 peritatis
382 1003 428 1031 ac
461 989 688 1045 splendoris
728 990 936 1045 fastigium
971 1001 1219 1040 evexerunt,
1263 1002 1310 1032 ut

168 1073 419 1116 fortunatum
449 1084 490 1114 et
520 1073 878 1115 celebratissimum
906 1073 1139 1115 Salomonis
1161 1087 1305 1116 aevum

166 1156 378 1199 revocasse
432 1170 479 1198 ac
523 1156 737 1198 renovasse
769 1157 1014 1198 viderentur.
1062 1180 1108 1190 -
1151 1157 1307 1199 Verum

165 1242 377 1282 enimvero
418 1232 587 1281 illustris
627 1241 779 1281 haecce
815 1246 950 1281 rerum
992 1241 1180 1282 conditio
1236 1254 1309 1294 pa-

169 1336 257 1365 rum
286 1322 481 1365 durabilis
509 1323 602 1363 suit.
663 1312 931 1364 Laudabilem
975 1323 1094 1365 illum
1137 1323 1309 1365 honoris

169 1406 351 1457 sensum,
407 1405 620 1461 religionis
661 1408 705 1447 vi
761 1405 1005 1448 sanctissima
1057 1408 1309 1458 excitatum,

168 1490 363 1544 paulatim
406 1491 570 1543 excepit
613 1502 738 1543 prava
777 1490 949 1530 ambitio
966 1519 989 1556 ,Ι
1024 1503 1103 1544 qua
1134 1490 1307 1545 judaei,

170 1573 220 1614 de
250 1575 483 1627 principatu
509 1573 716 1613 discordes
745 1574 850 1614 inter
876 1572 956 1614 sese
982 1585 1024 1614 et
1063 1575 1104 1614 in
1138 1574 1205 1615 sua
1245 1576 1310 1628 ip-

124 1662 126 1664 ’
171 1656 304 1698 sorum
334 1656 490 1698 viscera
527 1656 774 1705 saevientes,
820 1655 1050 1698 libertatem
1088 1670 1310 1711 perpetuae

167 1740 348 1795 jacturae
385 1740 681 1794 prodiderunt,
727 1738 969 1794 tandemque
1012 1741 1311 1795 rempublicam

172 1823 448 1877 imprudentes
476 1835 517 1864 et
542 1823 750 1864 furibundi
776 1824 817 1863 in
845 1834 1067 1865 extremam
1107 1825 1311 1865 detrusere

171 1907 427 1958 perniciem,
473 1919 524 1947 ex
569 1902 647 1959 q‘ua
689 1919 909 1960 numquam
948 1919 995 1946 ea
1021 1907 1156 1948 denuo
1184 1920 1308 1962 caput

171 1988 404 2029 extolleret.
436 2007 482 2017 —
509 1987 778 2042 Accedebat,
811 2001 913 2042 quae
942 1989 991 2030 ad
1016 2001 1175 2044 tempus
1201 1991 1310 2045 apud

173 2071 325 2112 multos
355 2071 496 2125 pulsa,
543 2071 610 2112 sed
638 2071 747 2124 apud
775 2070 921 2126 vulgus
961 2064 1044 2113 no'n
1078 2074 1150 2115 nili
1191 2086 1309 2115 com·

172 2155 306 2209 pressa
358 2154 516 2204 fuerat,
574 2154 830 2208 superstitio;
881 2167 985 2208 quae
1029 2169 1123 2197 cum
1179 2170 1308 2198 novas

171 2238 391 2280 identidem
436 2239 541 2280 vires
581 2239 790 2293 acciperet
832 2251 854 2279 a
894 2239 1047 2281 minuta
1074 2239 1313 2282 Pharisaeo-

1221 2337 1309 2365 rum
