1519 2729
695 141 947 202 (234)

260 276 422 319 alterius
450 270 532 321 vim
563 279 709 332 habere
734 284 916 336 possunt.
975 282 1075 326 Non
1105 283 1230 337 igitur
1259 278 1391 321 invol-

260 347 320 389 vit
347 347 584 391 relationem
614 352 768 393 arbitrii
800 353 970 409 alicujus
997 354 1049 395 ad
1077 352 1238 394 alterius
1282 350 1388 391 arbi-

260 417 379 458 trium
418 421 646 471 internum,
704 425 843 474 pronti
883 425 928 466 fit
984 426 1025 465 in
1063 423 1220 465 actibus
1261 419 1386 460 bene-

257 487 482 540 volentiae,
524 503 663 532 verum
691 502 844 535 tantum
876 495 926 536 ad
967 494 1135 536 alterius
1175 491 1386 534 arbitrium

257 567 480 600 externum.
1226 611 1227 614 Ἴ

317 623 385 668 2⁰.
415 628 495 669 Sed
523 640 564 670 et
592 630 768 671 diversae
799 629 889 672 sunt
917 633 1085 672 rationis
1115 629 1386 684 operationes.

250 692 324 749 Jus
362 699 510 738 etenim
556 698 779 741 theoretica
817 701 1012 754 quaedam
1052 711 1114 740 est
1155 690 1251 739 ideas
1273 698 1385 753 (ι),

252 766 477 811 confiderat
506 778 686 818 tantum,
717 781 813 810 num
842 772 952 811 actio
981 782 1118 811 nostra
1154 781 1233 809 eas
1254 770 1387 812 conti-

249 846 344 875 neat
385 835 668 889 conditiones'‚
713 840 862 893 quibus
905 840 1085 881 constare
1135 839 1259 892 posfit
1290 851 1385 880 cum

251 906 433 947 omnium
465 909 630 949 omnino
666 909 867 951 libertate.
926 909 1026 950 Non
1066 907 1286 950 attenditur
1324 922 1388 950 ar·

250 974 362 1017 bitrii
386 979 570 1029 materia,
595 979 661 1019 sed
677 980 887 1020 arbitrium
913 978 1043 1032 ipsum
1059 992 1085 1029 ς.
1105 991 1186 1018 non
1218 978 1385 1032 respici-

250 1055 317 1085 tur
352 1046 401 1086 ad
441 1046 582 1097 finem,
626 1061 746 1101 quem
784 1049 855 1090 fibi
883 1049 1081 1101 proponit
1106 1061 1259 1102 agens:,
1320 1049 1384 1089 so-

247 1114 338 1166 lus,
385 1118 471 1170 qui¹
495 1118 577 1158 dari
619 1131 755 1171 potest
799 1108 919 1168 finis,
964 1130 1025 1158 est
1054 1118 1156 1173 legis
1183 1118 1383 1160 obedien-

246 1187 305 1226 tia
326 1185 420 1238 (2).
481 1187 523 1228 Si
555 1190 690 1242 itaque
716 1190 817 1244 juris
845 1189 1056 1229 notionem
1097 1190 1138 1228 in
1180 1189 1381 1231 abstracto

248 1256 570 1306 confideremus,
601 1247 751 1299 nullan'1
793 1260 834 1299 in
858 1271 904 1298 ea
929 1257 1264 1311 deprehendimus
1293 1271 1381 1300 mo-

248 1323 371 1365 ralem
399 1328 687 1368 necessitatem.
750 1328 831 1370 Sed
868 1329 990 1370 officii
1020 1329 1138 1369 notio
1169 1316 1392 1371 necesfitar

245 1402 332 1436 tem
344 1397 401 1436 -ita
427 1397 569 1452 agendi
597 1410 679 1438 non
701 1409 853 1440 tantum
871 1428 884 1448 ‚
916 1398 983 1440 sed
1012 1399 1068 1439 ita
1083 1399 1201 1440 etiam
1217 1398 1380 1440 volendi

1320 1479 1379 1508 at-

291 1594 356 1641 (x)
381 1598 562 1633 Inscrviens
588 1600 657 1634 scil.
687 1609 749 1641 eo,
773 1608 810 1633 ut
842 1600 1060 1642 regulativum
1090 1599 1254 1642 quoddam
1290 1600 1380 1643 priu-

247 1653 367 1696 cipzum
392 1656 616 1690 constituatur.
639 1658 721 1691 Crit.
745 1657 839 1700 Mag.
867 1658 910 1691 V.
929 1659 972 1692 D.
996 1669 1030 1701 p.
1052 1667 1128 1703 374.

290 1708 354 1754 (ιι)
386 1711 484 1746 Sensu
522 1714 622 1755 igitur
650 1714 792 1755 latiore,
832 1726 900 1758 quo
931 1717 1096 1759 practicae
1127 1715 1283 1749 dicuntur
1307 1713 1380 1748 illae

246 1765 441 1809 doctrinae,
466 1779 550 1811 quae
576 1769 615 1803 ad
630 1771 780 1804 actiones
805 1773 1019 1814 referuntur,
1043 1783 1108 1806 nou
1128 1783 1212 1806 vero
1239 1771 1279 1805 ad
1308 1773 1382 1815 spe-

246 1824 429 1858 cu1ationcs
449 1825 600 1867 quasdam
615 1851 626 1867 ,
650 1835 687 1860 ut
709 1827 880 1870 indagetur
896 1828 975 1872 quid
988 1829 1204 1873 ,fit-verum,
1233 1828 1382 1861 doctrina

244 1877 326 1920 juris
356 1883 500 1925 practica
528 1894 594 1917 non
624 1892 686 1918 est.
756 1886 955 1928 Angustiore
984 1885 1074 1920 sensu
1111 1885 1220 1918 ethica
1260 1884 1383 1918 dicitur

245 1939 389 1980 practica
404 1940 479 1983 quia
502 1941 708 1983 necessarie,
731 1941 771 1975 ad
785 1942 945 1985 agendum
962 1943 1110 1985 impellit.
1154 1941 1243 1988 Juris
1272 1950 1382 1975 autem

245 1994 396 2030 doctrina
417 1997 601 2044 theoregica
629 1998 752 2033 dicitur
773 2001 836 2034 rite
853 2025 863 2041 ‚
890 1999 1010 2033 eodem
1038 2000 1096 2032 illo
1128 1999 1218 2034 sensu
1242 1997 1380 2032 strictio·

247 2060 285 2084 re
307 2061 381 2086 cum
410 2055 462 2086 issa
488 2055 559 2096 jura
583 2065 706 2090 tantum
728 2058 869 2098 tribuat,
907 2057 1028 2099 quibus
1049 2058 1098 2090 uti
1121 2055 1177 2090 sed
1202 2064 1237 2089 et
1264 2056 1382 2098 quibus

147 2149 149 2151 ι
188 2152 199 2157 ,γ
245 2116 313 2147 non
350 2110 398 2152 ῃεὶ
424 2110 517 2144 nobis
546 2112 711 2154 integrum
747 2122 822 2154 est,
861 2114 926 2148 imo
964 2113 1002 2147 iis
1029 2124 1095 2148 non
1123 2114 1171 2147 uei
1194 2110 1384 2156 gravisfimo

246 2156 372 2207 sacpIus
398 2172 550 2201 tenemur
574 2167 697 2204 officio.
