1519 2729
471 160 760 251 ’(21)

143 334 256 383 Aer,
299 333 400 389 aquai
430 332 650 383 saturatus,
694 330 721 372 fi
751 326 897 372 antliae
924 328 1206 385 pneumaticae

85 418 187 460 ope,
218 419 268 446 ex
296 416 488 459 campana
518 403 765 452 extrahitur,
797 402 865 443 a‘e‘r
881 400 1116 442 observatur
1131 400 1205 444 sub

85 487 277 529 campana
306 475 436 515 minus
462 472 692 528 pellucidus
719 471 804 512 fieri
821 501 834 520 ‚
880 481 921 511 et
950 471 1097 527 nebula
1119 473 1207 529 ori-

83 547 146 594 ri:,
178 544 337 599 globuli
369 557 493 598 aquae
520 542 808 597 liquidaernon
840 538 992 582 solutae
1016 544 1087 595 qui
1100 542 1204 583 hanc

83 614 265 656 formant·
287 614 475 656 nebulam
505 614 613 656 lente
653 611 829 661 cadunt,
867 623 993 664 aeque
1021 625 1067 652 ac
1110 612 1208 653 che·

81 686 233 725 micum
263 686 596 738 praecipitatum,
636 682 804 724 fundum
841 682 946 735 petit
983 681 1122 723 vaseos
1164 682 1208 725 in

86 767 170 808 quo
200 753 412 795 dissolutio
441 753 597 794 turbata
623 764 697 794 est.

143 838 180 865 2.
227 824 549 877 Emporatione
606 823 659 878 (i.
703 834 738 863 e.
781 821 1044 863 dissolutione
1082 821 1207 875 liqui·

81 892 225 934 dorum
256 894 295 933 in
324 893 456 934 fluidis
472 891 675 947 elasticis>
700 892 922 934 caloricum
938 891 1208 942 absorbetur,

80 963 227 1003 minori
264 974 397 1003 autem
422 965 643 1015 quantitate
671 975 790 1016 quam
819 958 1148 1016 vaporisatione.

137 1031 332 1073 Probavit
361 1032 430 1073 Cl.
459 1031 601 1073 Blae
620 1033 646 1074 k
677 1045 852 1086 corpora
885 1030 1109 1080 caloricum
1136 1030 1210 1071 ab-

16 1142 22 1149 !
79 1101 272 1151 sorbere,
311 1103 337 1143 fi
369 1115 390 1143 e
419 1102 519 1144 statu
549 1102 681 1144 solido
710 1104 751 1142 in
790 1102 931 1143 statum
971 1101 1204 1155 liquidum,

77 1171 144 1213 vel
173 1184 224 1213 ex
268 1173 348 1214 hoc
381 1174 422 1213 in
463 1173 605 1231 statum
634 1172 801 1214 fluidum
830 1172 1051 1220 elasticum
1081 1182 1208 1219 trans·-

77 1253 204 1293 eunt2,
253 1251 347 1284 cum
384 1254 518 1284 autem
557 1243 639 1284 hoc
669 1241 922 1292 caloricum‚
968 1231 1208 1282 determina-

80 1324 118 1352 ta
158 1314 410 1366 quantitate,
466 1327 489 1353 a
533 1312 779 1365 corporibus
822 1310 1207 1365 circumjacentibus

44 1412 56 1431 η,
77 1381 348 1434 absorbeant,
380 1382 526 1423 horum
558 1393 831 1436 temperatura
863 1381 1108 1422 diminuatur
1135 1392 1207 1420 ne-

78 1452 189 1494 cesse
231 1463 321 1501 est;
363 1452 389 1493 fi
426 1463 560 1493 autem
599 1464 623 1492 e
657 1451 757 1493 statu
798 1450 925 1492 fluido
961 1449 1133 1491 elastico
1163 1451 1206 1499 in

78 1522 218 1563 statum
247 1520 445 1576 liquidum
463 1551 476 1571 ,
507 1521 573 1562 vel
602 1534 653 1563 ex
680 1522 761 1564 hoc
787 1522 828 1562 in
858 1520 999 1562 statum
1029 1519 1205 1570 solidum

79 1592 274 1641 redeunt,
306 1592 388 1632 hoc
416 1590 640 1634 caloricum
676 1591 915 1645 absorptum
952 1592 1088 1632 medio
1121 1590 1207 1644 ipsa

79 1661 346 1703 circumdanti
367 1661 606 1714 restituunt,
640 1663 756 1718 cujus
787 1673 1055 1717 temperatura
1081 1662 1206 1716 igitur

79 1731 271 1774 elevatur.
369 1719 372 1723 ’

138 1800 278 1842 Solida
319 1801 478 1843 duobus
518 1804 651 1844 modis
692 1804 734 1843 in
774 1801 928 1856 liquida
967 1811 1201 1850 transeunt,

79 1869 143 1912 vel
174 1869 255 1911 sola
294 1870 463 1914 calorici
503 1873 692 1924 actione,
737 1872 796 1912 uti
839 1873 880 1912 in
910 1871 1092 1922 fufione,
1137 1868 1204 1922 vel

1135 1954 1203 1982 ac-

79 2051 173 2097 qffert
203 2055 470 2098 experimentum
489 2081 500 2097 ,
529 2067 598 2100 quo
636 2058 748 2092 Mon
763 2065 819 2100 ge
856 2056 938 2090 hanc
967 2053 1109 2099 probare
1138 2055 1204 2090 stu·

79 2109 151 2144 duit
180 2111 375 2155 positionem
393 2139 403 2154 ‚
433 2115 451 2158 §
482 2124 546 2156 223
577 2114 696 2159 seqq.;
729 2114 786 2147 sed
824 2113 903 2146 illud
935 2123 1000 2147 non
1024 2114 1131 2147 attulit
1151 2120 1206 2147 -ut

78 2167 134 2201 sua
160 2169 363 2212 preberetur
390 2170 536 2214 positio,
559 2181 660 2218 quare
689 2172 749 2205 hae
775 2170 817 2205 de
846 2180 882 2205 re
899 2170 1122 2206 tantummodo
1135 2170 1202 2205 hoc

79 2224 163 2261 loco.
181 2227 382 2262 mentionem
411 2228 509 2264 facio.
