1519 2729
720 207 944 264 (68)

257 345 366 387 -sacra
379 343 557 399 Jehovae
575 344 815 386 celebranda
846 343 943 400 (a).
1004 345 1112 388 Cum
1136 356 1236 386 vero
1262 343 1389 403 Jofias

257 427 310 457 ex
350 426 506 469 reperta
549 414 639 470 lege
679 415 892 465 Mosaica,
938 418 1058 470 ipfius
1100 415 1247 469 Molis,
1271 427 1389 455 manu

258 484 430 538 scripta,
498 485 601 525 diras
660 484 915 528 idololatriae
970 499 1122 541 poenas
1172 486 1390 540 cognovis-

257 553 316 594 set
342 552 420 607 (h)
437 584 449 604 ,
492 567 709 608 earumque
741 558 1100 598 comminationem
1123 557 1205 611 jam
1232 557 1273 596 in
1301 567 1391 609 reg-

254 636 311 664 no
354 623 582 666 Israelitico
621 624 784 668 vidisset
829 628 1055 669 tristissimo
1088 637 1234 667 eventu
1277 637 1391 666 com-

252 694 496 748 probatam,
539 696 646 748 quafi
687 708 709 735 e
749 696 893 738 somno
931 696 1266 750 expergefactus,
1311 702 1390 748 pro

251 765 414 818 populo
442 765 550 818 apud
586 764 723 806 Deum
765 767 1017 815 intercessit,
1050 765 1280 819 festumque
1315 764 1390 805 Pa-

252 834 401 875 schatis
431 846 538 876 tanta
561 835 757 890 dignitate
779 846 820 875 et
847 847 1000 889 pompa
1023 834 1220 878 celebrari
1247 835 1388 890 jussit,

254 905 520 958 quantajnde
547 920 569 947 a
597 905 785 947 Samuele
819 905 1001 946 nondum
1038 905 1169 947 fuerat
1209 904 1391 946 celebra-

253 986 338 1018 tum
382 973 471 1029 (c).
504 988 549 1010 --·-
577 974 727 1031 Neque
771 976 892 1017 etiam
932 977 971 1015 in
1002 972 1130 1030 regno
1159 975 1390 1017 Israelitico

253 1044 466 1086 defuerunt
503 1058 648 1101 reges,
693 1047 792 1101 qui,
837 1047 1019 1100 quamvis
1054 1046 1278 1088 vitulorum
1303 1045 1391 1088 cul·

252 1126 339 1156 tum
367 1129 390 1157 e
419 1116 611 1169 poIitices
639 1117 854 1171 principiis
890 1129 1222 1171 propugnarent,
1263 1116 1390 1171 Jeho·

251 1197 325 1225 vae
369 1197 502 1227 tamen
528 1187 833 1240 quodammodo
860 1186 1011 1228 addicti
1048 1198 1268 1228 manerent.
1341 1185 1389 1228 In

251 1255 400 1308 populi
430 1268 529 1297 vero
571 1258 728 1298 animos
766 1269 807 1298 et
861 1257 1058 1311 templum
1099 1257 1388 1312 magnificum,

251 1335 293 1364 et
318 1323 520 1366 sacrorum
547 1324 744 1367 festorum
782 1338 1022 1380 apparatus,
1063 1337 1105 1367 et
1133 1314 1391 1368 sacerdotum¹

251 1403 432 1445 pompa,
475 1404 516 1434 et
548 1407 647 1435 vero
681 1394 811 1448 ipsum
839 1395 1165 1449 Hierosolymae
1206 1409 1386 1446 nomen,

252 1471 402 1504 tantam
431 1461 546 1516 saepe
576 1465 659 1505 vim
701 1475 743 1505 et
790 1467 1007 1509 efficaciam
1050 1467 1297 1518 habuerunt,
1342 1463 1388 1509 u't

251 1543 335 1574 non
363 1533 431 1574 nifi
454 1535 565 1588 regia
593 1537 834 1577 auctoritate
863 1537 914 1577 ab
942 1538 991 1577 iis
1019 1539 1201 1591 potuerit
1229 1539 1385 1585 arceri,

249 1601 379 1642 immo
394 1603 528 1644 invitis
544 1606 637 1657 ipfis
663 1607 828 1661 regibus
843 1606 1031 1659 plurimi,
1062 1618 1103 1648 et
1128 1608 1385 1657 sacerdotes,

251 1681 293 1710 et
321 1669 510 1722 Levitae,
555 1686 595 1715 et
621 1676 759 1727 cives,
804 1675 1130 1730 Hierosolymam
1171 1677 1251 1720 sese
1283 1691 1384 1720 con-

251 1740 430 1792 ferrent,
461 1754 505 1783 ut
528 1744 635 1786 sttcra
659 1745 838 1800 Jehovae
867 1747 1048 1788 facerent
1076 1745 1170 1802 (d).

308 1810 426 1868 Quae
466 1815 631 1866 quidem
684 1818 818 1859 onmia
856 1819 978 1861 nobis
1001 1804 1258 1874 ¹argumento
1299 1820 1384 1860 esse

1285 1903 1382 1944 pos-⁴

287 1993 352 2039 (a)
376 2007 394 2029 2
420 1985 546 2032 eh'rom
571 1998 705 2040 xxm,
729 2000 844 2041 xxx,
870 2002 993 2038 xxx1.

259 2050 348 2095 '(b)
374 2053 477 2087 Dent.
506 2054 673 2096 xxwu,
698 2058 754 2090 vel
783 2058 924 2093 xxxn.

282 2106 340 2151 (c)
364 2119 382 2142 α
409 2109 499 2153 Reg.
517 2113 636 2153 XXII,
661 2113 784 2148 XXIII:
803 2126 816 2150 1
837 2136 850 2142 -
864 2126 922 2161 25.
945 2117 1024 2151 coll.
1039 2127 1058 2151 2
1078 2116 1201 2154 Chron.
1214 2117 1380 2163 XXXIV,

242 2163 380 2199 xxxv.
1368 2167 1371 2170 ⁴

275 2218 337 2266 (A)
360 2234 380 2258 2
405 2222 532 2259 Cliton.
556 2225 613 2260 XI:
648 2235 687 2271 13
703 2217 722 2256 '-
741 2237 793 2272 ιγ.
