1519 2729
616 150 843 209 (49)

165 290 239 330 bus
267 301 414 331 cornea
441 282 567 346 magis
595 291 776 332 redditur
814 292 1010 347 globosa,
1041 295 1294 347 protruditur

162 359 300 413 liquor
343 359 621 413 crystallinus,
673 361 940 416 prolongatur
993 366 1090 405 axis.
1135 387 1179 395 —
1223 365 1292 407 Sic

163 432 298 471 omnia
340 431 389 471 ad
430 433 590 485 optices
623 443 665 475 et
692 432 946 474 mechanices
974 433 1086 489 leges
1130 436 1298 477 confor-

164 491 269 541 mata
295 501 490 542 videmus.

219 569 390 612 Nonnisi
431 571 538 613 clara
578 571 699 623 luce,
739 574 954 628 telescopii
984 587 1063 629 ope
1106 576 1298 618 distincte

162 641 299 682 videre
341 642 583 696 possumus,
631 643 775 685 oculus
818 658 916 686 vero
959 645 1008 686 ad
1046 645 1293 697 videndum,

162 712 254 754 luce
284 714 411 768 magis
442 725 482 753 et
511 715 642 754 minus
671 713 804 763 clara,
835 727 896 755 est
923 714 1150 756 instructus.
1211 716 1296 757 Pu-

154 784 272 837 pilla
300 785 430 833 enim,
459 797 535 837 pro
570 786 792 837 quantitate
836 785 940 826 lucis
967 785 1031 826 vel
1061 786 1203 827 maiori
1231 786 1298 827 vel

163 855 334 902 minori,
365 854 401 894 se
430 855 665 903 contrahit,
697 855 763 895 vel
802 856 1012 905 extendit,
1056 867 1096 896 et
1124 858 1179 897 ita
1207 856 1300 910 plus

163 925 344 964 minusve
358 923 460 964 lucis
474 925 661 964 admittit.
700 925 854 965 Mirum
886 926 954 966 'nic
981 927 1160 974 accidit,
1191 927 1295 967 hanc

162 993 361 1047 pupillam
400 992 511 1032 fibris
547 994 836 1045 compositam,
881 997 1064 1047 quamvis
1106 995 1319 1037 extenda-v

163 1075 228 1105 tur
255 1063 317 1105 vel
336 1064 596 1104 contrahatur
612 1093 625 1114 ,
652 1062 820 1104 eandem
846 1063 1003 1118 semper
1025 1066 1196 1106 retinere
1213 1065 1298 1106 for-

164 1147 269 1175 mam
299 1133 524 1188 globosam.

223 1204 267 1245 Si
298 1203 395 1257 quid
420 1203 642 1257 pretiosum
682 1214 802 1257 atque
829 1203 929 1245 utile
959 1205 1203 1256 habeamus,
1247 1206 1296 1247 il-

163 1273 235 1315 lud
275 1274 431 1327 optima
473 1286 551 1326 qua
586 1274 799 1326 possumus
836 1277 990 1317 ratione
1031 1278 1297 1326 conservare,

164 1356 205 1385 et
246 1345 295 1385 ab
338 1346 449 1385 omni
502 1345 649 1385 damno
694 1343 866 1386 liberare
894 1358 1100 1387 conamur.
1190 1345 1298 1387 Cum

164 1416 289 1471 igitur
345 1413 516 1463 oculus,
575 1426 670 1467 prae
727 1413 863 1453 multis
908 1417 1095 1469 corporis
1137 1415 1300 1457 humani

165 1486 386 1535 membris,
420 1485 463 1525 fit
492 1484 637 1538 dignus
669 1484 738 1535 qui
784 1484 1069 1535 conservetur,
1117 1488 1202 1527 iure
1229 1499 1299 1528 ex-

166 1557 345 1610 spectare
375 1553 616 1609 possumus,
647 1566 738 1594 eum
757 1584 770 1603 ,
807 1554 833 1597 fi
865 1554 1035 1596 confilio
1065 1556 1111 1596 fit
1139 1555 1297 1607 factus,

168 1627 270 1666 bene
312 1626 508 1666 munitum
549 1626 623 1672 iri,
669 1627 811 1665 contra
859 1627 1205 1677 perturbationem
1261 1639 1302 1667 et

167 1694 395 1735 laesionem.
453 1692 972 1748 Nequewexspectationem
1000 1696 1149 1737 fefellit
1190 1698 1302 1738 oculi

169 1764 385 1813 conditio;
432 1764 662 1805 collocatus
705 1777 764 1805 est
804 1766 843 1804 in
872 1766 1058 1819 capsula,
1091 1780 1112 1806 e
1147 1767 1296 1821 septem

172 1834 326 1875 ossibus
371 1834 472 1874 bene
529 1835 706 1878 iunctis.
766 1837 1014 1890 marginibus
1070 1840 1300 1886 excavatis,

173 1904 414 1946 constructa.
437 1928 440 1932 ι
473 1904 562 1947 Hac
591 1909 630 1946 in
658 1904 820 1958 capsula
846 1907 1048 1948 invenitur
1087 1909 1300 1963 pinguedi-

174 1975 236 2013 nis
279 1974 428 2025 copia,
472 1986 516 2015 ut
561 1987 620 2016 eo.
652 1975 814 2015 facilius
856 1988 1091 2025 moveatur,
1135 1990 1175 2018 et
1217 1993 1302 2032 quo

172 2041 271 2081 velit
323 2043 556 2096 adspectum
601 2056 837 2086 convertere
868 2047 1030 2103 possit,
1076 2050 1172 2088 item
1215 2059 1304 2089 tuto

171 2112 350 2165 quiescat
383 2114 538 2158 oculus.
583 2134 620 2144 —
665 2114 891 2167 Supercilia
927 2116 1141 2169 sudorem,
1186 2131 1208 2160 e
1240 2133 1305 2163 ca-

675 2184 756 2248 ..D
1060 2212 1062 2215 v
1247 2202 1307 2243 pi-
