1519 2729
583 174 810 238 (ἐγ)

137 326 330 375 tendens,
375 334 420 364 ut
461 321 542 363 illis
581 320 792 374 impositus
833 329 934 372 puer
977 315 1063 370 igni
1094 311 1266 355 combu-

134 409 290 440 reretur
339 392 435 447 (a).
524 390 618 445 Qua
662 392 818 431 ratione
872 389 994 428 mirae
1038 381 1269 425 istiusmodi

137 467 377 521 prodierunt
406 455 628 517 imagines,
672 442 775 514 quas
795 457 943 498 Oriens
970 449 1142 509 antiquo'
1168 456 1271 493 aevo

137 546 326 590 tanquam
355 534 508 575 divinas
537 541 748 574 veneratus
775 540 852 572 est.

197 607 335 660 Atque
361 606 459 646 haec
483 605 531 645 de
558 603 765 644 idolorum
796 598 1056 653 pluriumque
1085 594 1278 636 Deorum

136 678 278 727 cultu,
311 676 440 729 qualis
468 674 576 728 apud
607 669 839 714 Orientales
876 667 1057 723 populos
1094 663 1275 712 exstitit,

138 750 181 790 in
223 746 454 789 universum
494 745 701 786 sufficiant.
791 738 909 795 Quae
951 737 1118 790 quidem
1157 733 1276 774 latius

139 819 382 862 videbantur
409 815 677 869 exponenda,
722 823 807 865 quo
844 808 988 848 melius
1029 804 1278 859 intelligere-

140 884 236 939 tur,
282 901 360 942 qua
404 887 563 926 tandem
592 885 747 925 ratione
774 893 796 920 e
823 878 1030 920 rudiorum
1067 875 1281 917 hominum

140 958 311 1014 ingenio
328 987 341 1006 ‚
370 968 411 996 et
441 953 710 996 Orientalium
729 950 900 990 maxime
930 949 1112 1002 gentium
1141 940 1282 983 indole

134 1015 337 1069 *exstiterit
364 1025 677 1080 polytheismus.
738 1019 838 1075 Quo
882 1017 1048 1072 quidem
1093 1013 1282 1054 Orienta-

141 1099 255 1141 lium,
276 1097 486 1138 hominum
518 1093 648 1135 studio
670 1093 748 1133 rite
776 1088 1020 1144 perspecto,
1054 1085 1198 1138 sponte
1211 1095 1284 1136 apb

142 1177 289 1223 paret,
322 1179 445 1220 quare
474 1165 581 1206 idern
609 1163 781 1204 studium
808 1160 934 1201 fuerit
973 1160 1015 1198 in
1055 1154 1282 1201 Hebraeis,

142 1234 243 1293 ipsis
272 1239 426 1292 quippe
471 1233 750 1276 Orientalibus
792 1238 833 1270 'et
871 1225 1073 1269 Orientali
1116 1224 1284 1279 ingenio

147 1308 359 1364 praeditiS.
421 1306 501 1346 Sed
523 1306 696 1359 propius
723 1313 833 1342 nunc
862 1297 1102 1340 accedamus
1123 1294 1174 1335 ad
1200 1291 1284 1333 He·

150 1379 322 1427 braeos,
367 1388 408 1416 et
445 1373 626 1428 ipsorum
661 1372 870 1413 historiam
908 1366 1196 1422 perlustrantes
1224 1363 1285 1402 vi-

151 1449 346 1496 deamus,
379 1444 592 1499 quomodo
619 1445 747 1500 magis
785 1440 994 1495 magisque
1028 1433 1286 1478 idololatriae

146 1518 283 1560 'studio
309 1516 460 1557 fuerint
489 1515 615 1557 ducti.

164 1655 170 1659 “
198 1653 264 1700 (a)
287 1656 386 1690 Conf.
407 1653 606 1702 Warnekros
623 1677 634 1693 ‚
652 1649 799 1693 Jooclfhlze
811 1647 978 1685 Oudlzeden
990 1655 1060 1690 pag.
1082 1643 1155 1687 196.
1187 1642 1287 1676 Hunc

159 1712 271 1746 Deum
299 1712 455 1754 imprimis
481 1711 657 1744 coluerunt
686 1708 780 1751 Tyrii
805 1715 838 1740 et
853 1701 1154 1746 Carthaginienses,
1187 1707 1288 1741 quem

153 1771 219 1802 alio
254 1769 387 1802 nomine
423 1767 546 1800 Graeci
584 1765 793 1808 Romanique
829 1768 990 1795 vocarunt
1009 1757 1219 1795 Herculem,
1253 1761 1290 1786 ct

159 1828 345 1859 Saturnum.
390 1824 444 1858 De
470 1825 513 1856 eo
536 1822 640 1856 exstat
667 1823 763 1855 locus
789 1818 923 1853 illustris
947 1814 1087 1849 Diodor.
1115 1812 1217 1845 Sicul.
1246 1810 1288 1843 L.

161 1885 234 1918 XX.
259 1884 300 1916 C.
323 1892 384 1925 14,
408 1890 507 1924 quem
532 1881 632 1913 citant
653 1877 853 1916 Verschuir‚
877 1875 899 1908 l.
924 1874 947 1907 l.
971 1881 1045 1915 pag.
1071 1880 1145 1914 173.
1170 1876 1204 1901 et
1219 1867 1289 1901 Mi-

157 1940 278 1973 chaelis
295 1964 305 1979 ,
330 1939 351 1972 l.
376 1939 398 1972 l.
423 1938 442 1981 §
470 1948 549 1980 247.
576 1946 650 1980 pag.
678 1936 762 1976 126,
789 1932 970 1973 eidemque
994 1937 1119 1972 pueros
1142 1925 1216 1960 suos
1229 1925 1289 1959 im-

162 1996 297 2032 molasse
318 1995 442 2039 saepius
461 2002 684 2041 memorantur
707 1989 875 2032 Hebraei,
899 1986 979 2022 ibid.
1118 1975 1122 1978 ⁴

1159 2271 1185 2325 §
1216 2268 1289 2311 iv.
