1519 2729
681 171 906 235 (30)

232 306 483 363 splendidum
514 308 715 356 sacrorum
744 322 977 364 apparatum
1004 311 1139 354 affecti
1174 311 1364 365 fuerant,

228 390 281 424 eo
322 379 473 433 majore
513 378 654 420 ardore
685 390 725 418 et
753 381 908 434 impetu
938 381 1047 423 idola
1078 383 1362 437 sectabantur,

226 460 279 497 eo
308 449 434 503 magis
463 447 501 497 se
524 461 546 488 a
576 449 748 502 fimplici
772 449 1089 501 patriarcharum
1120 452 1233 494 cultu
1258 453 1362 493 ‘alie-

226 529 332 566 nos,
371 528 412 558 et
454 517 504 558 ad
544 517 654 560 idola
693 521 919 573 propensos
963 522 1266 564 ostendebant..
1305 522 1365 564 Et

224 586 454 641 periculum
497 588 659 636 aderat3
704 601 769 628 ne·
803 603 942 635 omnes
989 593 1147 634 tandem
1172 587 1261 634 *sub
1297 593 1363 648 ju-

223 671 335 714 gum.
363 647 560 705 Pharonis
594 658 728 708 missi,
784 659 903 701 durae
955 662 1135 704 servituti
1173 664 1361 704 succum-

222 729 394 777 bentes,
440 729 482 768 in
518 727 820 782 Aegyptiorum
861 730 1049 773 Deorum
1104 734 1274 774 tutelam
1321 732 1362 773 se

221 798 456 839 conferrent
497 796 595 850 (a).
683 798 742 841 At
792 799 864 841 suo
921 812 1107 853 tempore
1162 801 1362 843 succurrit

221 866 366 916 Deus,
406 879 568 923 gentem
595 869 703 909 suam
735 870 887 924 ingenti
915 871 1103 923 periculo
1129 883 1359 926 erepturus.

243 978 245 981 ,
277 936 395 991 Quae
411 938 575 990 quidem
587 937 768 991 Jehovae
786 939 1035 994 benignum,
1052 943 1237 998 quamvis
1253 941 1363 983 sum-

223 1020 304 1051 mat
328 1007 451 1048 fuerit
487 1019 527 1048 et
567 1009 725 1049 eximiis
770 1010 981 1064 majestatis
1007 1011 1171 1053 indiciis
1196 1011 1361 1065 conspi-

221 1090 324 1127 cua,
357 1090 517 1127 tamen,
549 1079 663 1131 quod
681 1079 765 1132 ipsa
792 1092 855 1119 res
884 1094 931 1122 ac
952 1082 1059 1122 ratio
1085 1081 1238 1131 docet,
1268 1095 1358 1123 eam

221 1148 304 1188 vim
334 1147 482 1188 habere
509 1161 592 1189 non
622 1150 789 1203 potuit,
818 1161 864 1190 ut
890 1163 940 1191 ex
969 1150 1166 1206 Aegypto
1195 1151 1358 1192 liberati

219 1217 425 1259 Israelitae
479 1220 678 1260 continuo
717 1231 838 1260 omne
885 1219 1143 1262 idololatriae
1185 1221 1369 1263 studium,

221 1287 485 1341 deponerent.
547 1287 752 1329 Haerebat
785 1289 827 1328 in
857 1290 1000 1330 animis
1026 1285 1130 1333 illud
1152 1290 1325 1333 studium
1342 1321 1358 1340 ‚

219 1359 263 1398 in
290 1356 571 1410 Hebraeorum
598 1359 737 1400 indole
764 1358 884 1412 plane
902 1358 1131 1410 Orientali,
1165 1369 1357 1415 tanquam

218 1428 263 1468 in
290 1438 394 1468 terra
424 1428 495 1468 fibi
513 1431 678 1481 propria
694 1428 796 1469 laete
812 1430 1070 1482 germinans,
1102 1431 1238 1484 quod,
1267 1431 1356 1473 diu-

221 1508 336 1539 turna
364 1498 665 1553 Aegyptiorum
693 1499 897 1540 sacrorum
929 1499 1194 1542 admiratione
1234 1512 1372 1555 atque.

220 1568 449 1611 imitatione
465 1568 700 1620 excultum,
732 1568 831 1610 altas
846 1569 1002 1610 radices
1025 1582 1191 1624 egerat,
1223 1584 1358 1625 neque

221 1649 383 1691 poterat
426 1637 547 1679 facile
591 1639 713 1679 evelli
753 1641 909 1680 animis.
999 1638 1142 1693 Itaque
1176 1642 1246 1683 vix
1276 1642 1357 1682 Ae-

223 1716 395 1762 gyptum
425 1710 594 1763 egressi,
623 1710 741 1751 cibos
767 1722 971 1764 potusque
998 1721 1040 1750 et
1068 1712 1259 1752 convivia
1275 1711 1357 1752 Ac-

223 1780 460 1832 gyptiorum
501 1779 800 1829 desiderabant,
845 1780 1091 1833 appetebant
1133 1781 1357 1838 Aegyptia·

224 1861 272 1887 ca
303 1850 466 1897 omnia,
497 1861 538 1889 et
567 1851 645 1891 fine
675 1851 804 1892 dubio
832 1850 934 1894 festa
957 1851 1078 1890 etiam
1097 1851 1234 1901 sacra,
1267 1855 1357 1906 qui-

223 1917 299 1956 bus
328 1918 617 1972 interfuerant,
656 1920 695 1960 in
726 1922 861 1960 animo
892 1919 1130 1962 habuerunt.
1202 1921 1356 1963 Rebel-

223 1983 360 2026 labant
389 1989 522 2042 itaque
551 1989 666 2044 saepe
708 1990 748 2030 in
775 1989 996 2044 Jehovam,
1041 2002 1082 2031 et
1112 1993 1153 2031 in
1186 1991 1356 2047 Aegyp·

1272 2073 1357 2103 tum

270 2142 333 2189 (a)
357 2145 425 2192 Jos.
452 2147 572 2181 XXIV:
604 2158 656 2193 14.
685 2148 848 2185 Ezechiel
874 2149 946 2185 XX:
966 2156 1014 2192 7,
1038 2148 1071 2183 8·
1096 2149 1218 2184 XXIII:
1244 2159 1287 2191 32
1312 2150 1357 2202 8,

229 2210 296 2246 19,
320 2211 377 2236 21.
946 2210 952 2226 ¹
1271 2233 1274 2235 Δ
1309 2235 1311 2237 -
