1519 2729
698 149 771 214 (ἡ
783 166 840 205 24
895 150 926 206 )’

246 290 334 342 qiia'
355 289 561 330 mcii'or'em'
598 301 647 328 ne
677 288 802 330 homo
834 289 994 342 quidem
1023 290 1257 344 excogitare
1287 301 1378 341 por

247 369 336 400 test.
407 358 551 400 ‘Pullis
595 371 688 400 vero
729 360 964 409 excubatis,
1010 351 1287 414 quanta2cura
1323 369 1364 398 et
1426 361 1429 363 ’

245 441 397 470 amore*
425 442 496 470 eos
542 430 837 483 prosequuntur
875 442 1090 484 pa1·enteS‚
1135 428 1233 470 licet
1274 440 1365 469 cae-

247 500 433 551 temquin
459 498 694 540 ferocisfimi
721 512 762 540 et
799 500 1066 540 voracisfimi!
1112 498 1206 539 Hoc
1236 511 1362 547 vero,

246 569 401 610 nonnisi
431 569 633 609 instinctui
659 569 828 610 adscribi
861 570 1008 621 posse,
1040 569 1182 609 exinde
1209 569 1380 616 efficio,-

247 638 360 692 quod
412 640 525 686 ςοργὴ
574 638 643 679 illa
683 639 832 679 tamdiu
871 638 1014 687 duret,
1049 644 1204 690 *neque
1246 638 1366 679 diuti-

244 721 319 757 uS‚
350 720 468 760 quam
497 720 590 748 eura
619 719 828 760 parentum
857 707 1036 761 indigere
1072 718 1242 759 nequeat
1278 707 1366 747 f0e⁴

246 786 323 816 tus,
397 775 565 830 -Quodfi
606 791 704 818 vero
747 777 848 818 nihil
891 778 1036 819 mirum
1082 777 1193 818 hisce
1239 776 1367 817 inesse

245 857 392 899 putes,
435 848 529 898 quia
569 845 882 888 delectationem
916 846 1060 888 exinde
1099 849 1259 916 capia-gt
1297 859 1368 898 pa-

246 928 404 966 remes,
437 929 542 958 exte
560 930 745 970 quaeram
763 947 775 966 ‚
804 919 893 970 quis
920 919 1042 972 igitur
1070 929 1152 956 rem
1183 917 1237 957 ita
1253 928 1369 957 com-

246 988 471 1040 putaverit,
531 998 574 1027 ut
617 987 887 1028 delectatione
935 987 1135 1027 trahantur
1187 986 1238 1028 ad
1294 998 1367 1034 ea,

249 1069 350 1110 quae
391 1069 484 1108 prae
516 1057 704 1097 omnibus
741 1058 812 1099 fint
841 1057 1094 1106 necess-arm
1140 1068 1179 1097 et
1219 1056 1368 1096 tamdiu

248 1128 412 1180 quidem
455 1127 644 1180 quamdiu
679 1140 783 1181 opus
811 1139 900 1176 est,
937 1139 978 1167 et
1017 1138 1201 1180 tempore
1238 1126 1369 1165 omni-

247 1208 313 1237 um
337 1198 507 1238 maxime
520 1198 795 1250 opportuno?
826 1195 883 1236 Et
909 1196 961 1237 fic
985 1197 1145 1248 quidem
1161 1226 1173 1245 ,
1203 1208 1304 1248 quae
1320 1194 1370 1235 de

249 1266 449 1322 instinctu
491 1266 770 1315 disseruimus,
817 1279 917 1306 vana
947 1277 1061 1306 erunt
1088 1278 1218 1318 neque
1249 1265 1371 1316 inuti-

247 1335 330 1383 lia,
362 1336 429 1376 sed
456 1336 505 1376 ad
527 1336 703 1377 nostrum
733 1338 993 1391 propositum
1014 1336 1257 1377 conducent.
1290 1325 1372 1388 (Ι)

305 1406 526 1448 Hominem
569 1409 724 1447 ratione
773 1406 1026 1459 praeditum,
1079 1417 1172 1458 post
1214 1404 1374 1457 aliquot

248 1490 444 1519 annorum
475 1477 757 1518 educationem
789 1480 830 1516 et
859 1477 1175 1528 experientiam,
1206 1487 1257 1516 eo
1280 1487 1373 1528 per-

249 1551 385 1589 venire
426 1548 572 1600 posse,
617 1558 662 1587 ut
686 1546 724 1586 se
754 1547 837 1600 ipse
867 1545 1100 1599 liberosque
1143 1545 1234 1586 suos
1263 1556 1373 1585 tuea-

250 1629 330 1658 tur·
357 1618 584 1671 horumque
625 1619 748 1657 vitam
799 1615 1009 1666 sustentet,
1067 1615 1173 1655 hunc
1221 1615 1344 1669 igitur
1356 1641 1375 1664 ‚⁴

248 1689 362 1729 hisce
404 1690 526 1729 animi
547 1675 730 1729 *sensibus
758 1685 1021 1734 instructum,
1064 1697 1136 1725 eos
1165 1697 1294 1724 amare
1330 1696 1373 1725 et

250 1758 449 1813 diligere,
491 1770 573 1798 non
616 1759 756 1801 miror.
817 1755 897 1796 Sed
934 1755 1094 1796 brutum
1125 1754 1270 1795 animal
1308 1767 1372 1795 ea-

249 1828 340 1867 dem
369 1827 447 1868 suis
474 1826 668 1881 praestare
696 1825 861 1881 pullis„
895 1826 965 1866 nifi
1008 1826 1236 1867 instinctum
1257 1825 1375 1866 assu*

250 1910 360 1947 maS‚
391 1895 630 1938 incredibile
659 1906 719 1935 est
744 1895 869 1936 dictu.
901 1917 945 1926 —-
976 1895 1103 1951 Quod
1133 1896 1158 1936 fi
1188 1896 1372 1936 veroin-

248 1967 414 2010 stinctus
439 1967 706 2022 agnoscatur,
736 1965 878 2019 sponte
904 1964 970 2006 sua
999 1966 1279 2019 consequitur,
1311 1977 1373 2005 es-

1333 2033 1372 2073 se

296 2125 562 2172 (1)Pa1ey‚
600 2134 623 2159 t.
660 2135 688 2159 a.
718 2137 752 2169 p.
788 2126 913 2163 XVIII.
938 2123 1089 2161 Hoofdst.
1115 2130 1148 2158 et
1183 2123 1372 2159 Claris-

248 2183 267 2217 s
276 2183 310 2216 ii
338 2183 407 2217 V1ri
435 2183 488 2218 C1.
516 2183 750 2217 Additamenm
775 2192 810 2217 et
836 2184 1073 2218 Annomtiones.
