1519 2729
759 190 982 248 (34)

305 340 371 369 res
396 325 579 370 redactae
610 327 854 379 humiditas,
884 340 935 369 eo
964 329 1095 368 minor
1124 327 1218 377 erit,
1249 339 1332 380 quo
1348 337 1430 372 ma-

302 398 370 453 jor
385 399 430 439 fit
445 398 612 440 calorici
629 428 641 448 ‚
673 410 751 450 qua
778 396 907 439 soluta
932 408 992 437 est
1008 427 1021 445 ,
1053 398 1263 450 quantitas,
1322 395 1430 436 Cum

304 479 436 510 autem
453 498 466 517 ,
496 480 546 508 ex
571 467 828 519 praecedenti
854 468 1058 519 principio
1074 496 1087 515 ‚
1119 465 1285 506 calorici
1307 477 1430 518 quan-

300 538 396 578 titas
435 537 477 576 in
519 536 738 589 vaporibus
787 538 936 578 variare
977 537 1130 590 posfit,
1173 535 1349 588 sequitur
1389 545 1431 574 et
1509 550 1519 577 -i

303 605 582 646 humiditatem
610 605 773 645 variare.

362 687 400 727 3.
431 674 716 728 Principium.

357 742 508 783 Fluido
533 742 729 784 electrico
758 743 877 783 etiam
903 755 1098 796 vaporum
1127 740 1340 784 humiditas
1369 740 1427 781 di-

299 813 505 853 minuitur.

353 881 587 923 Includatur
611 881 695 936 hyg
697 893 915 922 rometrum
946 884 985 923 in
1014 880 1104 923 vase
1133 882 1222 922 aere
1238 856 1424 933 repleto,

292 953 463 997 ducatur
518 952 682 993 fluidum
736 951 974 993 electricum
1028 964 1101 1004 per
1155 950 1312 991 huncce
1359 951 1426 990 ae-

291 1037 402 1074 rem,
450 1033 490 1063 et
537 1022 786 1075 hygrometri
840 1035 934 1063 acus
984 1021 1175 1075 majorem
1237 1019 1423 1060 ficcitatis

291 1095 457 1148 gradum
486 1091 698 1134 indicabit.

347 1178 387 1215 4.
419 1161 705 1217 Princzpium.

344 1233 535 1275 Fluidum
562 1230 801 1275 electricum
828 1233 866 1272 in
904 1229 1204 1283 atmosphaerae
1243 1230 1418 1284 regioni-

286 1304 362 1345 bus
389 1304 662 1358 superioribus
689 1301 820 1357 magis
851 1300 1054 1350 abundat,
1098 1311 1218 1353 quam
1247 1300 1288 1340 in
1316 1298 1417 1339 infe·

285 1375 473 1415 rioribus,

341 1456 381 1498 5.
412 1445 696 1498 Principium.

341 1515 532 1556 Fluidum
572 1514 809 1555 electricum
851 1509 1010 1569 semper
1065 1507 1330 1562 aequabiliter
1375 1508 1415 1556 se
1472 1499 1481 1567 ,’

279 1585 464 1640 spargere
501 1585 684 1639 quaerit,
727 1584 770 1624 in
812 1585 947 1624 omnia
993 1592 1168 1633 corpora
1197 1579 1410 1633 circumja·
1475 1619 1479 1624 ,

281 1656 427 1697 centia.

335 1725 455 1767 Haec
480 1725 561 1765 duo
590 1725 793 1778 principia
820 1723 911 1764 satis
934 1724 1108 1777 probata
1133 1720 1246 1761 dicit

335 1794 433 1850 Hyg
436 1806 655 1835 rometrum
710 1795 860 1849 igitur,
907 1807 997 1834 cum
1032 1792 1216 1839 indicat,
1260 1799 1410 1829 atmos-
1465 1781 1492 1845 {211

278 1861 449 1919 phaerae
479 1864 784 1914 humiditatem,
826 1877 908 1904 non
948 1863 1103 1917 semper
1131 1871 1328 1916 vaporum
1363 1859 1440 1898 ea
1458 1831 1489 1914 ἓξ

278 1946 564 1977 contentorum
592 1935 854 1987 quantitatem
881 1933 1056 1974 indicare
1092 1941 1248 1986 potest.
1317 1927 1409 1973 Hu-,
1454 1914 1483 1990 ἦ

282 2006 440 2045 miditas
461 2006 562 2045 aeris
574 2004 723 2056 pendet
736 2015 1019 2056 etavaporum
1036 2004 1256 2056 quantitate
1274 2027 1287 2048 ,
1318 2009 1358 2037 et
1384 2011 1405 2037 a

275 2076 552 2128 cujuscunque
567 2076 727 2127 vaporis
743 2073 1006 2120 humiditate,
1037 2085 1138 2126 quae
1166 2069 1406 2115 dimintlitur

276 2157 349 2198 per
390 2145 582 2199 majorem
626 2143 823 2193 calorici‚
865 2143 930 2183 vel
961 2142 1070 2183 fluidi
1112 2141 1293 2183 electrici
1330 2151 1403 2184 a'c-
1447 2138 1475 2181 ⁴·‘s

277 2216 428 2256 tionem
473 2212 631 2268 (Princ.
676 2227 700 2255 2
728 2226 768 2255 et
799 2211 865 2268 3).
926 2212 1032 2256 Cum
1068 2224 1200 2254 autem
1230 2212 1398 2254 fluidum·

1288 2281 1394 2323 elec-
1430 2300 1471 2375 N
