1519 2729
774 178 997 237 (18)

298 332 374 374 que
403 318 489 360 ullo
520 317 643 359 modo
669 318 772 358 inter
801 318 839 358 se
869 319 1091 373 conjuncti.
1151 316 1291 358 Talem
1312 331 1412 359 con-

291 390 541 444 junctionem
581 386 723 442 melius
764 389 806 428 in
857 388 1021 442 Magn
1040 386 1148 427 olii
1200 386 1411 438 systemate

297 459 505 498 observare
534 457 656 506 licet3
687 457 746 497 ibi
773 459 879 498 enim
909 470 1047 498 omncs
1074 455 1247 498 familiae
1269 456 1308 496 in
1327 457 1409 498 sec-

295 529 424 568 tiones
451 526 536 566 sunt
565 526 745 580 digestae
776 523 874 579 (1).

351 596 546 651 Quamvis
583 595 880 636 Linnaeus
920 608 1030 643 non,
1073 596 1133 634 uti
1177 594 1278 635 male
1306 593 1408 636 fecit

293 664 717 706 Touruefortiu
736 678 753 704 s
781 663 889 718 (2),
935 665 1077 705 herbas
1109 665 1159 704 ab
1190 664 1406 705 arboribus

291 735 555 788 separaverit,
596 746 679 774 non
717 744 847 774 tamen
889 734 974 788 ejus
1012 733 1183 785 systema
1208 734 1402 787 majorem

288 806 528 846 familiarum
554 802 788 844 naturalium
825 816 1033 844 numerum
1061 803 1256 849 exhibet,
1301 816 1407 856 quo-

288 877 393 915 niam
420 861 536 927 plura
562 885 706 928 genera
733 874 862 913 minus
889 874 991 913 bene
1018 873 1068 913 ad
1106 872 1191 913 suas
1233 871 1406 918 familias

288 944 437 984 retulit.
511 942 702 991 Etenim,
748 954 792 982 ut
827 944 931 983 inter
968 942 1091 983 multa
1132 942 1273 995 paucis
1312 953 1406 982 utar

287 1014 510 1067 exemplis,
541 1013 821 1053 convolvulum
847 1026 938 1054 cum
963 1014 1102 1058 viola,
1147 1012 1281 1052 linum
1310 1024 1403 1052 cum

283 1086 486 1141 geranio,
519 1091 781 1137 asparagum
808 1095 899 1122 cum
929 1077 1011 1122 viti
1039 1093 1257 1121 enumerat.

343 1154 506 1194 Etiamfi
545 1151 838 1192 Linnaeus
878 1152 918 1191 in
956 1151 1165 1201 systemate
1198 1149 1400 1191 artificiali

284 1223 454 1264 multum
483 1221 747 1275 praestiterit,
779 1220 873 1260 huic
901 1230 1031 1259 tamen
1068 1218 1303 1260 methodum
1330 1231 1398 1259 na·

284 1294 480 1342 turalcm,
538 1291 563 1331 fi
613 1290 776 1344 quidem
812 1302 899 1330 eam
940 1289 1119 1329 invenire
1172 1290 1400 1342 possimus,

283 1361 580 1417 praeferendam
623 1359 707 1399 esse
751 1359 931 1409 censuit,
975 1358 1112 1413 quod,
1159 1359 1263 1400 inter
1287 1357 1395 1409 alia,

284 1433 488 1486 sequentia
515 1430 606 1470 satis
622 1428 914 1485 demonstrant.

339 1531 368 1554 „
398 1501 573 1541 Primum
610 1509 650 1538 et
689 1497 874 1538 ultimum
916 1498 956 1537 in
992 1508 1104 1550 parte
1146 1497 1399 1549 systematicfi

282 1601 310 1625 „
340 1572 556 1625 Botanices
584 1570 821 1622 quaesitum,
852 1579 912 1607 est
944 1567 1156 1607 methodus
1178 1568 1398 1617 naturali53

280 1670 309 1694 „
339 1641 437 1689 haec
463 1641 564 1681 adeo
593 1653 614 1679 a
633 1638 840 1678 Botanicis
871 1638 1001 1677 minus
1040 1637 1173 1677 doctis
1214 1637 1288 1677 vili
1330 1637 1396 1678 ha-

282 1740 311 1763 „
341 1712 450 1758 bita,
481 1722 503 1749 a
531 1707 836 1761 sapientioribus
866 1706 1020 1758 semper
1047 1708 1143 1746 tanti
1165 1708 1395 1758 aestimata,

280 1809 308 1833 ‚,
337 1779 467 1821 adhuc
505 1777 603 1819 licet
643 1778 800 1820 detecta
835 1776 1012 1819 nondum
1050 1773 1144 1830 (3).
1216 1775 1393 1817 Primum

1295 1875 1324 1899 υ
1354 1857 1395 1886 ct

323 1972 385 2020 (ι)
411 1973 510 2008 Conf.
539 1973 609 2007 Ma
624 1983 676 2015 gn
694 1973 816 2013 olii,
848 1981 929 2015 opus
966 1971 1056 2014 supra
1094 1969 1178 2005 laud.
1193 1995 1204 2008 ,
1240 1980 1304 2005 nec
1327 1981 1392 2004 nou

278 2030 505 2063 Adanson
525 2053 535 2069 ‚
559 2030 581 2062 1.
610 2030 632 2062 l.
651 2039 725 2073 pag.
746 2038 789 2071 25
813 2028 883 2072 sqq.

310 2077 386 2129 >(2)
411 2085 511 2119 Cot-f,
542 2085 764 2125 Adans0n‚
789 2087 858 2121 l.1.
875 2095 947 2129 pag.
976 2095 1019 2126 30
1040 2093 1152 2126 ct31.

321 2140 384 2188 (3)
407 2145 436 2178 C
452 2154 468 2175 a
483 2153 498 2174 r
513 2143 557 2175 01
574 2143 583 2174 i
619 2141 647 2176 L
664 2142 707 2175 in
722 2152 742 2176 n
755 2151 772 2175 a
788 2152 806 2178 e
824 2143 858 2183 i,
905 2141 1017 2185 claffes
1051 2143 1164 2177 Plani.
1201 2142 1296 2184 1738.
1318 2151 1390 2185 pag,

273 2200 349 2244 434.
