1519 2729
712 155 934 211 (16)

253 293 331 341 iis,
363 304 464 346 quae
490 292 610 334 habet
638 291 931 335 Treutler.
991 293 1156 337 Deinde
1179 295 1204 337 fi
1233 296 1378 338 ssmiles

253 362 420 404 fuissent
456 363 659 404 vermibus
685 363 755 404 fibi
787 365 989 418 cognitis,
1030 364 1242 406 addidisset
1269 378 1377 414 certe

254 430 602 484 RuyschiuS.
673 431 771 474 Non
808 444 938 473 autem
977 434 1114 484 addit,
1156 447 1216 476 est
1255 437 1378 490 igitur

253 501 462 557 fingularis
503 501 671 555 species.
759 502 973 544 Postremo
1003 505 1095 556 quia
1136 503 1268 545 nullus
1308 505 1376 547 ad·

250 571 428 612 hucdum
454 574 601 612 vermis
642 574 682 612 in
715 571 977 625 pulmonibus
1017 573 1198 613 humanis
1234 586 1380 627 seper-⁴

252 651 315 681 tus
355 640 430 682 fuit
462 641 533 682 nifi
567 640 637 681 ille
677 640 995 682 Treutleri.
1068 641 1134 683 An
1169 643 1300 696 proba
1329 644 1375 685 fit

250 710 488 765 conjectura
510 710 715 752 doctiores
737 711 936 765 judicent.
1362 728 1366 732 ·

735 849 760 903 ς
792 849 866 891 111.

371 964 733 1045 Trichocephalus
761 990 912 1044 dispar
940 989 1062 1033 Rzm.
1092 988 1174 1046 (ι)
1202 1001 1243 1033 et

660 1059 838 1103 BREMS.
869 1057 962 1115 (2).

250 1222 254 1231 v
307 1200 630 1255 Trichocephali
659 1199 867 1241 character
891 1202 1103 1253 genericus
1128 1211 1190 1241 est
1226 1199 1374 1242 habere

247 1286 398 1326 corpus
426 1283 555 1318 teres,
586 1270 795 1311 elasticum
812 1300 825 1320 ,
857 1282 969 1323 parte
996 1272 1126 1311 antica
1148 1270 1345 1323 capillati.

284 1340 630 1395 ‘Triclzoceplzali
664 1341 832 1392 disparis
859 1353 948 1394 pars
978 1340 1178 1393 capillaris
1220 1340 1374 1406 longis-

248 1414 342 1455 sima
367 1423 456 1463 est,
494 1423 615 1466 caput
645 1422 834 1462 acutum,
880 1424 1032 1464 corpus
1061 1410 1178 1451 maris
1221 1409 1374 1464 spirali-

246 1494 307 1523 ter
336 1481 588 1530 involutum,
620 1480 791 1521 feminae
808 1479 1051 1520 subrectum.
1113 1478 1249 1519 Unum
1279 1491 1372 1520 cum

210 1580 214 1583 -
249 1552 418 1593 dimidio
446 1551 511 1593 vel
541 1551 623 1593 duo
647 1550 822 1604 pollices
851 1549 1026 1603 longus,
1057 1549 1173 1602 cujus
1193 1549 1373 1603 longitu-

245 1621 351 1662 dinis
379 1634 469 1676 pars
495 1620 697 1675 capillaris
723 1620 819 1661 duas
845 1619 980 1658 tertias
1004 1630 1140 1672 «partes
1178 1619 1249 1660 fibi
1287 1620 1374 1658 vin-

246 1690 384 1739 dicate,
407 1682 515 1730 'haec
542 1703 619 1743 pro
648 1689 813 1729 materia
842 1699 1032 1730 contenta
1055 1688 1119 1729 vel
1134 1688 1257 1738 -alba,
1285 1688 1372 1742 pel-

243 1760 410 1810 lueida,
442 1758 504 1800 vel
534 1759 767 1806 rufescens‚
798 1770 866 1800 aut
892 1758 1006 1799 fusca
1020 1773 1038 1808 ς.
1080 1771 1230 1811 corpus
1262 1759 1371 1800 terti-

246 1843 309 1871 am
338 1830 466 1871 lineae
494 1842 646 1883 partem
676 1829 847 1870 crassum
865 1858 878 1877 ,
909 1828 1102 1868 albidum.

303 1899 471 1942 Habitat
496 1902 536 1940 in
559 1899 736 1947 hominis
770 1898 968 1938 intestinis
1000 1899 1164 1946 crassis,
1197 1897 1370 1950 praeser-

249 1970 490 2013 tim-colos
523 1969 630 2011 Ante
661 1969 736 2022 hos
763 1968 818 2009 60
850 1979 975 2008 annos
1001 1969 1154 2021 primus
1191 1979 1371 2022 repertus

1295 2037 1374 2078 fuit

293 2130 357 2175 (1)
380 2131 486 2165 Rud
503 2132 635 2176 olph.
661 2133 683 2166 l.
708 2132 732 2166 l.
751 2133 828 2168 Vol.
856 2131 899 2169 11.
930 2132 967 2166 P.
997 2132 1024 2166 Ι.
1047 2141 1082 2176 p.
1107 2130 1162 2167 88.
1179 2130 1292 2174 Syn.p
1323 2132 1372 2165 16.

293 2186 649 2233 (2JBrems.1.1.
670 2199 703 2232 p.
731 2190 786 2232 76.
