1519 2729
708 160 735 219 (
794 177 866 233 70„
909 161 934 218 )

261 300 357 343 fiant
390 297 489 356 juris
517 296 676 348 stricti,
720 303 778 342 uti
819 303 898 344 hoc
923 301 1018 343 alias
1043 299 1089 343 fit
1112 313 1186 356 per
1210 292 1380 344 soeietass'»

262 382 370 419 tem,
401 373 454 411 ita
481 379 587 412 nunc
618 370 662 411 fit
686 368 761 423 per'
782 371 928 427 legem.
960 393 1005 402 —
1035 371 1235 425 Exempla
1264 384 1379 426 prae-

259 441 331 481 bet
374 440 804 492 Barbeyracius
842 444 1003 495 pietatis
1044 441 1285 495 obsequium
1329 440 1377 481 li-

259 510 448 551 berorum
495 523 589 565 erga
627 519 840 564 parentes,
872 513 1048 554 officium
1087 522 1296 566 parentum
1339 511 1381 550 in

262 576 503 620 testamento
541 590 636 635 erga
675 580 830 622 liberos
858 579 953 634 (ι).

316 648 383 690 Ex
420 650 530 690 hisce
569 649 780 690 concludit
808 657 942 691 recte:
973 671 1018 689 ι..
1048 657 1141 692 eum
1170 649 1211 690 id
1239 649 1380 699 deest,

260 717 358 773 (jus
388 719 607 771 poscendi,
633 727 684 760 ex
709 719 797 773 jure
815 749 827 767 ‚
851 722 1016 774 proprie
1043 719 1095 759 fic
1127 718 1262 766 dietm,
1286 724 1383 770 pro-

264 787 450 840 fectum)
488 790 678 843 injustum
707 800 756 831 ex
787 789 861 830 hae
892 790 1007 830 eausa
1035 788 1188 828 bellum
1218 798 1306 834 est,
1337 794 1382 827 ‘ut

258 858 539 900 Romanorum
580 860 620 899 in
661 866 797 913 regem
840 858 969 912 Cypri
1006 864 1208 911 tamquam
1251 858 1383 911 ingra-

259 938 358 968 tum.
391 954 434 964 -
466 928 572 970 Nam
593 931 663 983 qui
691 928 933 970 beneficium
965 928 1096 976 dedit,
1133 926 1287 968 nullum
1314 926 1387 966 ha-

258 997 334 1038 bet
374 998 438 1052 jus
478 999 528 1040 ad
553 999 840 1053 reposcendam
866 1000 1060 1053 gratiam&
1102 997 1256 1049 alioqui
1284 1001 1389 1036 cosi--

261 1077 413 1115 ttaetus
441 1067 572 1114 esset,
602 1075 684 1109 non
712 1068 954 1109 beneficium
989 1065 1082 1120 (ξε).
1113 1073 1148 1100 ε’-
1176 1066 1316 1107 Prouti
1331 1066 1383 1106 ab

261 1136 497 1178 hominibus
536 1138 645 1192 exigi
678 1138 958 1191 nen—possunt
984 1137 1104 1185 talia,
1138 1130 1192 1176 ita
1218 1140 1386 1189 quoque

205 1199 208 1203 ⁴
262 1219 404 1246 eorum
434 1206 644 1262 neglectus
671 1220 753 1248 non
780 1209 830 1249 ab
863 1203 1096 1249 hominibus
1137 1216 1273 1261 potest
1298 1210 1384 1259 'pu-

260 1278 352 1316 niti.
382 1290 427 1299 -
456 1275 563 1317 Nam
591 1289 870 1331 praeterquam
903 1278 1016 1332 quod
1045 1277 1258 1317 honestum
1300 1274 1385 1316 esse

261 1342 360 1400 quid
401 1346 531 1388 difinit
571 1347 682 1388 simul
718 1361 764 1389 ac
806 1347 1073 1389 necesstuium
1115 1347 1234 1388 evafit
1272 1344 1386 1400 (3),

257 1427 307 1456 ea
345 1428 447 1468 quae
483 1416 669 1458 adversus
698 1411 931 1459 societatem
975 1425 1050 1457 nec
1090 1417 1264 1464 directe,
1309 1427 1386 1456 nec

260 1485 456 1527 indirecte
498 1485 586 1528 sunt
629 1500 816 1540 peraeta,
861 1496 936 1526 nee
972 1486 1129 1526 adeam
1159 1497 1241 1525 non
1272 1485 1386 1539 spec-

264 1565 375 1603 tant,
406 1567 481 1596 nec
509 1555 559 1595 ad
585 1556 790 1597 hominem
826 1555 1025 1603 alterum,
1068 1554 1267 1608 punienda
1302 1566 1394 1596 non

264 1625 353 1666 sunt
377 1625 448 1665 ‘nifi
474 1635 499 1666 a
522 1623 640 1676 Deo,
673 1628 740 1678 qui
770 1637 811 1666 et
838 1625 887 1666 ad
926 1638 973 1665 ca
997 1625 1199 1665 noscenda
1226 1636 1288 1664 est
1330 1624 1393 1664 sa-.

263 1695 562 1748 pientisfimus,
593 1706 634 1736 et
659 1696 709 1737 ad
731 1694 994 1750 expendenda
1022 1692 1304 1748 aequis‘fimus,
1346 1704 1389 1733 et

266 1764 317 1805 ad
342 1764 581 1807 vindicanda
605 1767 907 1820 ‘potentissimus
947 1761 1043 1818 (4).
1073 1784 1118 1795 -
1147 1763 1388 1805 Obedienti-

1311 1833 1388 1875 bus

309 1911 374 1959 (1)
398 1913 434 1948 In
452 1916 532 1948 notis
552 1914 678 1949 Latinis
699 1915 746 1948 ad
774 1915 806 1950 G
822 1924 838 1950 ι·
852 1925 873 1950 0
888 1923 912 1950 t.
936 1915 983 1949 N.
1007 1921 1061 1959 50.

311 1968 376 2015 (2)
402 1970 478 2005 Lib.
499 1972 547 2006 ΙΙ.
568 1981 600 2005 c.
629 1983 684 2006 22.
707 1973 725 2016 §
760 1973 831 2008 16.1

312 2023 375 2070 (3)
400 2027 450 2060 Se
466 2036 582 2062 neca
605 2027 748 2062 laudatus
775 2034 794 2062 va
829 2029 927 2066 Gro
942 2028 1017 2062 tio
1032 2051 1043 2069 ,
1083 2027 1176 2061 locus
1216 2027 1254 2060 de
1274 2023 1389 2071 Benef.

269 2084 331 2118 111.
354 2094 385 2118 c.
405 2086 427 2120 6
445 2086 537 2127 seqq.
1358 2118 1362 2123 .

316 2139 379 2184 (4)
417 2142 493 2176 Lib.
532 2143 578 2176 11.
614 2151 646 2176 c.
680 2149 733 2178 2'0.
769 2142 788 2186 ς
831 2153 875 2178 20
916 2139 1120 2186 Excipienda
1143 2148 1247 2172 tamen
1277 2140 1389 2173 censet

271 2199 302 2232 G
319 2208 333 2232 r
350 2199 460 2232 otin
475 2208 489 2231 s
504 2222 514 2240 ‚
540 2197 617 2233 ibid.
646 2200 692 2234 N.
716 2209 745 2234 1.
773 2209 897 2242 poenas
928 2197 1163 2233 emendatorias
1193 2204 1275 2240 quae
1312 2205 1389 2229 cau-

1326 2252 1389 2286 sam
