1519 2729
712 153 739 208 (
802 149 969 238 '4²⁷3

267 290 418 333 Pariter
445 291 513 333 illa
542 303 642 345 quae
665 291 771 333 bona
801 294 878 335 fine
903 294 990 336 ullo
1021 294 1145 335 dubio
1176 294 1291 342 sunt,
1322 293 1407 335 sed.

266 374 349 401 non
403 373 482 402 tam
531 361 748 402 necessaria
790 365 846 404 rei
885 365 1118 414 communi,
1162 375 1206 404 ut
1243 363 1390 405 exinde

266 430 509 485 singulorum
549 431 711 471 libertas
755 433 855 474 adeo
885 436 1108 484 minuatur,
1154 445 1198 475 ut
1224 433 1387 490 neglec-
1429 444 1433 445 ⁷

267 511 330 541 tus
358 503 544 554 puniatur
569 514 708 543 eorum
737 516 836 555 quae
864 505 1026 556 minime
1066 504 1281 544 coactione
1321 513 1390 543 aut

264 573 409 625 poenis
446 572 639 611 vindicari
677 571 870 623 possunt,
916 562 1023 612 certe
1057 584 1139 611 non
1176 584 1302 625 aeque
1341 585 1388 613 ac

264 653 338 695 per
362 640 437 680 alia
465 642 626 692 quaevis
656 640 798 679 media.
859 639 904 680 Id
932 640 1037 680 enim
1066 640 1178 692 quod
1216 653 1297 682 non
1336 644 1390 682 ita

266 710 447 750 confistit
473 710 646 749 externis
686 709 942 756 actionibus,
989 708 1054 749 sed
1095 707 1226 749 multo
1263 713 1390 764 magis

264 779 306 819 in
345 779 582 831 quibusdam
624 780 774 832 ingenii
813 789 853 818 et
880 779 1001 817 animi
1043 777 1245 827 senfibus‚
1287 778 1391 819 illud

264 860 376 890 certe
401 861 482 888 non
509 850 583 905 rite
611 847 947 888 annumerandum
980 847 1151 896 officiis,
1197 847 1248 889 ad
1285 860 1388 901 quae

262 918 469 972 implenda
495 920 588 973 cogi
618 920 706 971 quis
727 929 877 971 potest.
910 939 950 949 -
983 915 1042 957 Ita
1065 917 1224 958 demum
1258 915 1388 959 Gar-

263 990 391 1030 vius
422 1000 677 1029 communem
719 986 934 1027 utilitatem
965 987 1039 1027 hac
1070 986 1295 1027 officiorum
1328 987 1387 1027 di-

263 1059 414 1099 vifione
445 1058 597 1109 optime
635 1055 847 1096 stabilitam
875 1055 960 1096 esse
991 1055 1153 1106 censet,
1189 1055 1388 1109 plurimo-

259 1139 351 1167 rum
403 1127 569 1166 omnino
620 1125 929 1166 commodorum
985 1126 1134 1167 summa
1184 1125 1386 1179 amplizitzi.

263 1195 324 1245 Ita
361 1183 554 1244 nemini,'
583 1196 743 1247 inquit,
789 1196 865 1236 fine
892 1197 1125 1237 necesfitate
1153 1194 1300 1236 malum
1328 1197 1386 1235 in-

261 1259 414 1314 fertur,
447 1264 557 1318 quod
585 1264 612 1305 fi
644 1275 774 1304 tamen
789 1277 850 1304 res
879 1276 917 1304 et
945 1277 1129 1318 tempora
1154 1264 1385 1318 postulant,

258 1337 392 1375 minus
419 1335 566 1376 malum
596 1333 817 1388 praefertur
849 1335 1018 1389 majori,
1064 1332 1176 1388 qnod
1217 1348 1268 1376 ex
1309 1334 1387 1374 fine

261 1404 437 1454 ultimo,
467 1417 507 1445 et
529 1406 720 1458 supremis
746 1404 915 1458 justitiae
940 1405 1088 1459 regulis
1115 1405 1250 1446 lucide
1264 1417 1386 1457 appa-

260 1487 336 1516 ret.
369 1475 474 1529 <Als
488 1475 554 1516 die
570 1473 964 1529 letsteuabstclzten‚
997 1475 1084 1514 zmd
1099 1474 1166 1514 die
1196 1473 1386 1529 lzb'clzsten

261 1543 427 1598 Regem
456 1544 524 1584 des
551 1542 955 1585 Reclzssverhaltens
970 1542 1344 1594 durchleuclzten.)

257 1630 262 1633 ’
320 1614 381 1654 Ita
414 1614 575 1667 quidem
609 1613 684 1654 Ga
703 1615 830 1654 rviu
848 1627 864 1652 s
892 1626 940 1654 ex
970 1626 1048 1662 eo,
1073 1613 1185 1666 quod
1209 1613 1383 1655 officium

262 1684 489 1737 perfectum
517 1684 594 1724 five
616 1683 787 1737 juridica
816 1682 1015 1736 obligatio
1055 1682 1156 1724 solas
1201 1694 1385 1724 externas

262 1756 443 1795 actiones
458 1755 611 1807 spectet
627 1783 639 1801 ‚
671 1752 954 1806 imperfectum
977 1765 1106 1794 autem
1121 1755 1242 1794 animi
1259 1765 1383 1805 quan-

261 1824 352 1865 dam
382 1824 711 1877 dispofitionem,
742 1836 792 1863 ex
821 1825 1040 1875 quantitate
1069 1823 1190 1871 mali,
1234 1836 1285 1864 ex
1313 1835 1383 1862 co-

261 1895 423 1935 actione
478 1893 661 1942 oriundi,
711 1893 922 1934 discrimen
979 1894 1150 1945 petivit,
1201 1893 1268 1934 sed
1309 1892 1384 1933 alia

263 1964 431 2018 quadani
467 1964 621 2004 ratione
661 1961 741 2003 hoc
786 1965 905 2003 etiam
935 1974 995 2002 cst
1033 1962 1269 2017 aggressus,
1315 1961 1383 2013 qui

264 2034 424 2088 quidem
468 2033 610 2082 locus,
653 2045 746 2073 cum
789 2032 1148 2073 Mendelidis
1191 2031 1384 2073 sententia

263 2105 478 2145 arctissime
495 2103 738 2150 cohaerens,
768 2103 931 2154 effecit,
963 2114 1006 2144 ut
1022 2102 1071 2143 de
1102 2101 1314 2144 Garvio
1345 2101 1383 2140 in

267 2174 340 2215 hac
372 2164 561 2213 Sectione
587 2172 768 2213 dixerim.

1269 2238 1385 2281 Non-
