1519 2729
499 191 748 248 (111)

147 331 264 387 Quae
287 346 397 385 *cum
439 333 484 374 fit
524 331 782 371 revelationis
811 330 1112 383 divinae‘atque
1144 331 1203 370 ἰη-

90 402 306 444 stitutionis
350 402 458 457 apud
514 400 724 442 Hebraeos
765 401 1021 456 progressio,
1069 399 1206 440 fimilis

90 485 255 525 quoque
298 472 383 513 esse
421 472 561 513 debuit
612 472 840 525 progressio
879 470 1000 524 ipsius
1041 469 1206 509 illorum

90 542 255 596 ingenii.
330 541 525 591 Etenim,
571 550 616 581 ut
656 541 763 594 apud
802 539 1036 596 fingularem
1067 551 1207 592 quem-

90 623 170 664 que
213 611 420 652 hominem
462 612 594 652 bonus
620 611 880 666 paedagogus
918 621 986 650 aut
1018 611 1209 664 magister

89 681 132 738 in
160 680 244 734 ipsa
269 673 515 721 institutione
559 681 613 720 ita
655 681 912 736 progreditur
939 694 961 720 a
992 679 1211 733 fimplieio-

91 749 203 790 ribus
237 751 287 791 ad
336 752 461 805 magis
510 749 718 803 perfecta,
762 753 899 805 prouti
941 749 1024 804 ipsa
1066 749 1212 790 viderit

90 833 309 874 puerorum
350 821 623 875 juvenumque
682 822 843 876 ingenia
882 819 1100 874 progredi;
1158 820 1213 859 ita

91 903 258 944 quoque
282 891 414 931 divina
443 891 632 944 sapientia
660 891 710 932 ad
751 892 1004 945 ingeniorum
1043 901 1215 944 progre-
1242 900 1247 903 “

92 960 288 1003 dientium
317 960 429 1000 usum
459 971 703 1012 captumque
738 960 818 999 sese
846 946 1009 1013 singulis
1053 970 1216 1011 tempo-

66 1065 68 1067 ,
91 1031 204 1071 ribus
231 1029 570 1070 accommodavit.
632 1028 760 1083 Quod
798 1030 822 1070 fi
848 1040 981 1069 autem
1008 1040 1090 1068 non
1118 1040 1214 1081 pro-

93 1098 270 1155 gressum
299 1099 437 1140 fuisset
464 1099 743 1140 Hebraeorum
774 1098 978 1152 ingenium
996 1127 1009 1147 ‚
1055 1100 1212 1152 potuis,-

93 1168 152 1210 set
178 1169 227 1209 iis
255 1169 346 1209 inde
372 1170 422 1209 ab
455 1171 571 1210 initio
597 1169 698 1210 tradi
731 1167 1022 1209 absolutisfima
1061 1169 1215 1209 doct1·i-.

60 1254 63 1257 ·
93 1251 173 1290 na,
219 1240 285 1280 cui
329 1238 429 1279 nihil
467 1239 557 1279 dein
594 1239 818 1280 adderetur.
891 1238 948 1278 At
985 1251 1082 1279 vero
1118 1252 1214 1291 pro-

95 1300 211 1351 cesiit
237 1309 287 1350 ad
326 1309 613 1362 perfectiorem
657 1308 811 1362 semper
849 1309 1045 1349 rationem
1082 1309 1215 1349 homi-

94 1392 190 1420 num
214 1380 445 1433 ingenium3
476 1379 685 1434 progressa
709 1380 815 1418 enim
838 1390 898 1418 est
913 1378 997 1431 ipsa
1018 1378 1214 1422 institutio

95 1449 258 1498 divina,
289 1448 419 1489 donec
449 1449 606 1489 tandem
631 1449 803 1489 formam
839 1447 949 1489 illam
985 1448 1213 1490 Mosaieam

95 1519 310 1573 abrogaret
336 1517 483 1574 religio
507 1519 751 1560 Christiana.

153 1588 270 1644 Quae
299 1593 392 1630 eum
418 1590 471 1630 ita
500 1590 601 1639 sint,
643 1601 726 1630 non
751 1600 999 1630 commutata
1027 1588 1212 1638 indoles,

96 1656 165 1700 sed
205 1658 443 1713 explicitum
481 1659 695 1700 dicendum
734 1671 796 1699 est
830 1658 1110 1700 Hebraeorum
1154 1660 1216 1698 in-

97 1732 273 1784 genium.
333 1730 409 1771 Ast
434 1730 460 1770 fi
493 1729 573 1770 sese
607 1729 787 1784 explicet
814 1730 1049 1784 ingenium,
1077 1728 1216 1782 paula-

99 1801 170 1840 tim
200 1799 303 1841 solet
331 1800 550 1854 progredi,
582 1812 713 1852 neque
741 1799 876 1839 subito
915 1799 966 1839 ad
1006 1799 1216 1839 meliorem

98 1871 293 1910 rati0nem
339 1869 590 1922 procedere,
635 1868 703 1910 sed
740 1869 852 1909 lento
891 1868 1015 1922 gradu
1058 1867 1217 1921 persee-

100 1942 252 1980 tionem
295 1939 400 1980 suam
440 1941 651 1993 attingere.
733 1938 872 1991 Itaque
912 1938 1056 1978 mirum
1091 1939 1217 1980 videri

99 2021 264 2064 potest,
296 2010 407 2063 quod
434 2008 557 2063 paulo
592 2021 683 2050 ante
710 2008 891 2048 exlilium
919 2006 1216 2059 Babylonicum

98 2093 178 2122 tam
213 2080 420 2134 frequens-
440 2080 657 2120 etiamnum
686 2078 809 2119 fuerit
833 2077 1088 2127 idololatria,
1133 2090 1217 2118 tan-

100 2162 183 2191 tum
225 2149 429 2191 idolorum
471 2149 671 2199 studium3
715 2160 754 2189 et
789 2149 930 2201 primis
969 2159 1110 2190 eontra
1134 2150 1216 2203 jam

98 2219 223 2262 exsilii
253 2219 504 2274 temporibus
533 2232 694 2261 omnem
733 2218 1004 2261 idololatriam
1042 2219 1217 2272 relique·

1137 2299 1216 2329 rint
