1519 2729
598 182 828 244 (47)

147 340 234 377 tum
275 339 387 378 erat,
433 325 572 368 finium
612 326 762 368 indicia
805 325 953 367 habeat
981 325 1115 367 minus
1141 325 1283 379 utique

147 413 310 454 decora.
371 410 456 460 At,
499 409 830 464 quandoquidem
861 408 970 450 haud
1008 409 1289 462 inopportuna

148 496 268 551 hujus
324 493 466 547 templi
511 493 656 534 incidit
699 493 882 542 mentio,
930 505 1035 542 VOS,
1079 503 1289 546 quotquot

149 590 338 633 magnum
367 576 579 631 splendido
611 575 769 618 scilieet
799 576 865 618 isti
895 575 1086 617 aedificio
1119 576 1289 623 statuitis

149 663 352 716 pretium,
384 672 576 710 mecum,
610 659 734 701 eredo
763 652 983 713 equidem,
1014 660 1197 712 optatis,
1229 670 1291 712 ‘ut

149 744 307 786 tandem
365 743 584 798 aliquando
642 742 952 797 qualiscumque
998 742 1097 784 haec
1149 743 1288 796 imago

148 828 200 869 ad
236 828 411 880 priscam
454 838 673 879 veramque
718 827 839 879 ipfius
893 825 1037 880 templi
1083 825 1290 875 formam,

149 922 347 964 quatenus
402 909 675 963 probabiliter
726 921 847 963 queat
897 909 1109 964 indagari,
1163 908 1291 963 paulo

150 993 322 1047 propius
339 991 519 1033 accedat
533 994 544 1033 !
1253 1011 1281 1036 s

205 1074 314 1126 Sed,
346 1074 545 1129 quidquid
574 1088 766 1129 umquam
797 1074 872 1116 hac
903 1075 951 1115 de
978 1087 1022 1115 re
1048 1085 1290 1116 eventurum

101 1172 110 1181 ·
148 1160 222 1209 fit,
253 1158 417 1207 Vobis,
449 1156 695 1200 Academiae
718 1157 1179 1213 Rheno—Trajectinae
1200 1157 1291 1199 Cu·

146 1254 330 1291 ratores,
383 1241 507 1283 decus
559 1241 678 1296 hujus
732 1240 978 1282 Academiae
1034 1241 1149 1282 cordi
1205 1239 1293 1282 esse

149 1322 425 1381 magnopere,
471 1336 588 1380 grato
630 1326 891 1379 agnoscimus
946 1337 1087 1365 omnes
1124 1325 1291 1364 animo!

149 1408 329 1463 Utinam
357 1421 456 1448 vero
501 1409 607 1448 inter
648 1407 727 1448 alia
770 1406 915 1460 plura,
960 1419 1063 1461 quae
1097 1406 1219 1447 vobis
1248 1407 1291 1447 in

148 1503 250 1533 voto
278 1492 395 1540 sunt,
423 1490 553 1540 illud,
586 1491 703 1545 cujus
732 1502 882 1532 certam
912 1490 1023 1544 spem
1058 1492 1293 1544 nuperrime

151 1576 427 1628 concepisti-s,
472 1574 586 1615 brevi
637 1575 878 1629 contingat,
917 1585 991 1624 ut,
1024 1574 1094 1627 qui
1124 1573 1294 1627 privatis

151 1659 388 1707 auditoriis,
420 1669 615 1711 quantum
645 1658 684 1697 in
711 1657 831 1697 vobis
856 1656 959 1697 esset
977 1687 989 1706 ,
1032 1656 1292 1710 prospexeri-

152 1744 233 1792 tis,
265 1742 481 1796 publicum
512 1741 676 1790 hocce,
708 1741 822 1795 quod
849 1741 991 1794 utique
1019 1741 1155 1795 magni
1180 1739 1295 1781 audi·

154 1807 249 1866 to'rii
275 1826 442 1865 nomine
471 1837 554 1865 non
581 1820 760 1878 amplius'
783 1825 965 1879 infigniri
988 1835 1209 1872 mereatur,
1240 1834 1295 1864 eo

155 1908 281 1949 modo
308 1900 598 1950 concinnatnm
625 1907 824 1956 videatis,
867 1894 937 1960 qui
969 1919 1062 1948 cum
1092 1906 1294 1947 florentis-

154 1992 249 2033 fima
304 1990 549 2032 Academiae
591 1990 831 2031 conditione
875 1991 1003 2044 magis
1046 1991 1290 2031 conveniat!

153 2075 243 2116 Vos
271 2079 406 2115 'autem
435 2073 503 2114 diu
533 2073 745 2114 conservet
782 2072 956 2126 supremi
988 2071 1180 2114 Numinis
1219 2072 1291 2113 be-

154 2159 359 2213 nignitaS‚
391 2168 436 2198 ut
464 2158 586 2197 vestri
617 2167 786 2197 conatus
817 2156 958 2211 'magis
999 2157 1208 2211 magisque
1245 2157 1291 2196 in

154 2242 398 2285 Academiae
413 2239 631 2283 succedant
645 2238 965 2282 emolumentum
981 2251 1028 2280 ae
1042 2238 1236 2294 gloriam!
1250 2263 1294 2277 „-

1172 2321 1294 2364 Pros-
