1519 2729
577 145 830 204 (111)

192 286 351 329 Multae
382 287 468 329 sunt
493 285 795 328 observationes
835 297 937 340 quae
977 296 1053 326 nos
1092 285 1260 339 refrige-

135 359 359 406 rationem,
401 370 480 410 qua
509 359 563 397 ita
590 356 740 412 glacies
769 356 1039 411 producitur,
1070 369 1262 411 evapora-

135 428 237 468 tioni
269 428 444 468 tribuere
474 439 625 468 vetant.

190 496 313 537 Venti
339 496 364 536 fi
385 496 544 546 adsmt‚
578 498 725 538 tardius
739 496 890 551 glacies
913 498 1067 545 oritur,
1098 509 1262 552 genera-

134 569 205 609 tim
225 578 354 608 tamen
371 570 701 620 evaporationem
718 579 977 621 promovent.
1011 567 1232 607 Stramenta
1244 595 1260 615 ‚

133 639 161 680 fi
202 637 350 678 fuerint
383 637 566 686 humida,
611 648 651 679 et
681 638 735 677 ita
764 636 985 678 caloricum
1029 637 1261 678 conducen-

133 709 214 758 tia,
244 721 325 749 non
354 708 456 748 bene
474 708 659 762 procedit
673 720 798 760 aquae
819 707 1066 762 congelatio.
1128 706 1258 748 Doct.

132 776 293 818 Wells
336 778 499 818 eandem
542 779 775 819 methodum
818 777 1014 832 sequens,
1059 790 1178 831 quam
1219 778 1261 816 in

130 846 325 902 Bengalia
360 847 603 901 sequuntur,
647 849 720 889 hac
749 848 798 889 de
828 861 870 888 re
898 847 1065 888 instituit
1100 848 1260 899 experi-

132 929 293 966 menta,
324 928 365 957 et
395 919 576 967 invenit,
607 931 749 970 aquam
778 930 907 973 aeque>
932 916 1051 959 facile
1069 916 1260 971 congela-

129 988 164 1027 ri
201 988 242 1026 in
271 987 425 1027 vasibus
467 999 549 1027 non
595 988 782 1040 porofis,
839 1000 959 1040 quam
999 988 1038 1026 in
1089 987 1260 1040 porofis.

130 1055 228 1097 Uno
255 1058 375 1097 etiam
402 1057 442 1096 in
470 1059 780 1110 experimento,
823 1070 948 1111 aquae
975 1058 1136 1111 pondus
1165 1071 1260 1100 auc-

129 1137 214 1167 tum
243 1127 397 1167 invenit
433 1127 507 1167 Vir
537 1126 667 1169 Doct.

187 1195 341 1236 Omnes
379 1196 452 1237 hae
497 1198 800 1238 observationes
845 1210 1011 1248 contra,
1060 1198 1258 1240 theoriam

129 1266 286 1308 firmant
313 1265 444 1308 Doct.
475 1267 684 1318 Wells,
717 1280 817 1321 quae
851 1269 970 1308 etiam
1001 1267 1258 1324 sequentibus

129 1338 300 1378 maxime
327 1336 544 1378 stabilitur:
587 1350 711 1380 nocte
738 1338 871 1378 serena
900 1338 1072 1379 maxima
1111 1337 1260 1393 glaciei

129 1407 366 1461 producitur
391 1409 621 1460 quantita53
660 1419 701 1449 et
726 1420 776 1448 ex
814 1405 884 1447 Cl.
928 1405 1131 1448 Leslie
1174 1409 1259 1449 sen-

130 1480 280 1528 tentia,
327 1491 430 1532 aqua
460 1490 602 1533 magna
629 1477 805 1520 radiandi
833 1480 1014 1530 potentia
1044 1489 1104 1519 est
1140 1479 1258 1535 infig-

127 1548 190 1589 nis
207 1577 218 1597 ,
250 1547 355 1589 unde
376 1547 599 1590 radiatione
623 1548 739 1591 valde
766 1546 1007 1602 refrigescit.

475 1791 889 1836 TANTUM.
