1519 2729
580 169 800 231 (63)

175 355 177 358 Α
209 325 241 358 3.
264 314 407 348 Filicina.
836 315 866 339 1.
889 303 1058 347 Algoidea.

206 383 240 416 4.
264 372 437 413 Selaginca.
748 393 751 397 .
787 363 849 398 111.
872 361 1018 405 Api'zy'lla.

209 438 242 471 5.
267 426 472 461 Muscoidea.
805 459 811 465 .
837 430 866 454 1.
888 416 1087 460 Fungoidea.

207 484 241 518 6.
264 484 432 526 Hepatica.
831 487 863 511 2.
887 472 1029 517 Byssma.

165 542 210 576 ΙΙ.
231 540 458 585 Glaucophylla.

579 666 604 720 ς
634 663 789 707 XLIX.

177 809 298 850 Licet
324 807 546 862 plantarum
577 805 736 848 habitus
762 814 948 844 externus
990 802 1031 841 in
1060 798 1246 851 systema·

121 879 230 921 tibus
256 877 501 918 naturalibus
530 875 749 916 condendis
791 874 954 914 minime
997 868 1248 924 praetermit-

123 949 263 990 tendus
293 949 337 989 fit
366 943 474 1000 (ι),
517 958 599 986 non
635 946 765 984 minus
795 955 925 984 tamen
952 937 1247 981 adtendendum

122 1029 211 1069 est,
255 1029 304 1071 ne
344 1018 385 1056 in
421 1017 559 1056 harum
602 1016 776 1068 partium
818 1011 1104 1057 fimilitudine⁹
1146 1018 1250 1065 qnae

78 1123 80 1125 ,
123 1088 289 1128 minoris
347 1087 467 1139 pretii
507 1087 792 1133 aestimantur,
849 1082 968 1122 nimis
1003 1080 1250 1120 haereamus.

123 1156 229 1197 Tum
259 1157 365 1196 enim
407 1155 544 1197 eadem
582 1156 622 1195 in
660 1155 757 1196 vitia
800 1152 1058 1199 caderemus,
1104 1147 1254 1202 quibus

125 1227 338 1268 methodus
366 1225 502 1266 Bats
510 1226 630 1267 chii
660 1223 846 1265 laborare
876 1233 985 1262 recte
1014 1218 1211 1261 censetur.

181 1297 335 1337 Omnes
363 1296 448 1336 fere
471 1295 616 1336 classes
644 1295 761 1348 hujus
789 1291 970 1333 methodi
987 1291 1118 1329 minus
1144 1298 1258 1328 natu-

123 1357 225 1408 rales
253 1366 336 1406 esse
353 1365 565 1416 videnturg
598 1366 655 1406 uti
669 1366 709 1404 in
726 1360 930 1418 rosafieis,
949 1358 1254 1414 pelargonium

124 1448 166 1477 et
182 1435 423 1490 sraxinus3
454 1437 494 1475 in
521 1435 751 1483 cruciatis,
780 1434 940 1487 lytrum
956 1440 996 1468 et
1028 1435 1256 1481 papaver3

6 1503 15 1507 ’
80 1553 84 1558 ,
127 1507 229 1546 inter
256 1505 473 1551 minoem,
518 1506 670 1544 laurus
714 1515 754 1541 et
785 1500 1034 1554 palmarum
1071 1495 1254 1544 familiar,

127 1575 230 1612 inter
260 1573 553 1626 incompletas,
579 1572 789 1626 gramina
806 1582 846 1610 et
864 1569 1023 1624 pinum
1054 1567 1158 1607 inter
1173 1578 1255 1606 mo-

128 1642 353 1696 nopetala,
381 1640 573 1696 dipsacus
600 1656 640 1684 et
666 1642 845 1685 datura.

175 1776 238 1821 (1)
271 1777 347 1811 Vid.
388 1780 491 1813 Car.
527 1779 615 1812 Lin
631 1791 662 1815 n.
698 1779 784 1813 Pln'l.
825 1778 901 1811 Bot.
930 1776 948 1819 §
978 1775 1052 1808 163.
1082 1783 1151 1816 pag.
1190 1782 1265 1816 197·

130 1860 154 1878 „
178 1835 315 1868 Habitus
345 1836 479 1868 occulte
509 1836 723 1870 consulendus
750 1844 826 1876 est,
862 1843 904 1866 ne
947 1841 1051 1875 genus
1083 1839 1261 1864 erroneum

131 1918 153 1935 ,‚
177 1892 242 1924 levi
267 1891 308 1925 de
331 1891 421 1924 causa
448 1892 622 1935 frangatur.
670 1892 906 1936 Experientia,
945 1897 1055 1922 rerum
1084 1887 1235 1929 magistra
1251 1909 1263 1926 ,

132 1974 152 1991 ‚‚
175 1949 282 1991 primo
306 1948 424 1980 intuitu
453 1958 496 1983 ex
524 1950 608 1984 facie
634 1951 772 1987 extem&
788 1974 799 1993 ‚
831 1948 1011 1992 plantarum
1040 1944 1172 1978 familias
1193 1944 1262 1978 sae-

130 2030 153 2050 „
175 2005 247 2051 pius
265 2003 420 2039 divinam*

1154 2241 1179 2294 3
1208 2239 1261 2281 L.
