1519 2729
513 148 539 208 (
601 163 677 207 25³1
741 148 767 208 >

75 298 166 329 nem
185 289 313 330 officia
330 288 397 330 illa
412 289 668 342 exigerentur
683 319 696 337 ‚
727 287 952 330 laederetur
965 290 1192 342 gravisiime

75 370 158 398 non
178 371 329 400 tantum
346 359 508 400 libertas
525 388 537 407 ‚
573 357 639 398 sed
666 360 691 399 fi
722 359 802 399 hoc
820 371 840 398 a
855 359 1009 398 ratione
1026 362 1193 412 permit-

51 429 136 475 Fti‚
165 428 227 468 vel
247 442 318 482 per
345 429 507 469 unicum
541 429 736 481 temporis
775 439 1026 469 momentum
1056 430 1194 482 posset

75 499 276 552 cogitari,
308 499 410 538 ratio
441 498 511 540 fibi
541 497 623 550 ipsa
650 510 732 538 non
761 498 971 543 constaret.
1039 498 1080 538 ‘F
1085 501 1191 540 inem

73 569 181 609 enim
212 568 367 609 homini
397 568 580 617 dictans,
611 569 652 608 in
677 568 889 623 jubendo,
930 568 1106 623 jussique
1134 569 1195 610 sui

73 639 375 680 exsecutionem
407 639 625 679 coactione
655 638 819 691 phyfica
852 639 987 691 expeti
1025 641 1197 692 permit-

74 719 192 758 tens,
237 722 260 749 a
289 709 514 750 moralitate
542 721 581 748 et
605 707 707 761 legis
741 707 903 747 moralis
942 709 1197 752 observantia.

73 778 322 828 deflectens,
368 780 630 832 praecipuum
661 777 790 829 illud,
834 779 946 832 quod
974 780 1015 819 in
1044 781 1194 821 virtute

72 846 205 897 esset,
237 847 401 888 tolleret
423 849 598 902 penitus.
1132 891 1135 894 ,

129 915 263 967 Illud,
295 917 407 971 quod
435 918 637 967 vidimus,
666 918 847 971 justum,
878 932 997 972 quam
1024 920 1194 973 plurimi

72 987 338 1042 philosophi,
395 989 605 1030 criterium
655 989 910 1040 habuerunt,
969 1003 1052 1043 quo
1105 988 1192 1030 offi-

73 1059 136 1099 cia
163 1057 401 1112 imperfecta
430 1058 640 1102 definirent
667 1070 708 1099 et
736 1058 1024 1114 dignoscerent
1051 1072 1073 1100 a
1101 1072 1197 1112 perf

73 1128 207 1170 fectis.
267 1128 366 1170 Non
403 1140 533 1170 tamen
563 1139 614 1171 eo
644 1127 756 1171 sensu
783 1129 916 1170 officia
953 1128 1194 1182 imperfecta

72 1200 254 1241 vocanda
284 1199 402 1248 sunt,
432 1213 479 1241 ac
501 1202 526 1242 fi
550 1199 644 1240 ideo
668 1211 741 1252 per
777 1199 989 1240 antithesin
1027 1188 1192 1241 coactio

31 1289 38 1292 -
74 1269 217 1312 officiis
243 1269 567 1324 pe1·fectis·esset
594 1269 817 1311 tribuenda.
889 1267 957 1310 De
983 1282 1064 1318 eo,
1095 1281 1196 1310 num

74 1341 238 1382 coactio
275 1342 482 1382 criterium
523 1353 660 1381 verum
705 1340 924 1391 praebeat,
964 1337 1068 1380 infra
1116 1341 1202 1380 erit,

73 1409 320 1458 enucleatius
342 1410 560 1464 agendum.
633 1409 714 1451 Hic
746 1409 976 1450 observasse
1011 1408 1192 1454 sufficiat.

137 1494 170 1523 1.
204 1480 246 1520 Si
273 1481 532 1539 coactionem
562 1481 636 1521 rite
664 1480 992 1530 confideremus,
1032 1493 1078 1520 ea
1107 1491 1195 1520 cer·

75 1551 221 1593 tisfime
251 1562 312 1591 est
340 1551 540 1591 libertatis
569 1551 807 1592 deminutio.
839 1550 1032 1592 Officium
1054 1550 1195 1591 huma·

75 1631 165 1659 nam
195 1623 363 1672 requirit
392 1620 653 1670 libertatem:,
698 1633 780 1662 tum
823 1620 983 1660 demum
1022 1619 1194 1659 maxime

74 1688 294 1742 impletur,
323 1690 352 1730 -fi
384 1690 567 1742 perfecte
592 1689 719 1729 homo
746 1688 852 1728 liber
868 1701 943 1729 est.
998 1688 1193 1744 *Quomo-

75 1756 128 1796 do
155 1757 236 1811 jam
266 1758 444 1799 officium
474 1760 647 1813 cogitari
676 1760 831 1811 possit,
872 1758 984 1812 quod
1012 1760 1196 1801 coactio-

75 1837 124 1865 ne
152 1839 423 1878 exposcatur,
456 1830 603 1869 merito
635 1820 898 1878 dubitarunt,
936 1840 984 1869 et
1014 1828 1109 1879 alii,
1154 1841 1205 1873 et,

76 1895 160 1949 ipse
188 1895 358 1940 Kanti
375 1909 433 1940 us
459 1898 831 1953 (1):„Entlmlt
857 1898 999 1947 nicht,
1032 1900 1203 1952 inquit,

927 1967 1205 2024 „Zwangss

119 2066 184 2113 (ι)
209 2070 253 2102 Et
281 2070 349 2103 aliis
377 2070 459 2104 locis
488 2078 522 2103 et
554 2069 702 2104 Berlinet
728 2053 960 2113 Bionbrfiirifi‘
988 2080 1071 2114 1793
1103 2072 1207 2115 Sept.-

11 2160 16 2166 ,
72 2136 109 2169 p.
133 2139 209 2163 220.
236 2136 337 2169 nota,
357 2127 447 2172 apud
468 2128 652 2169 Weise,
676 2126 954 2171 Crundnissensch.
981 2129 1033 2162 des
1054 2127 1196 2169 Rechts,

74 2195 109 2228 p.
132 2186 163 2220 8.
