1519 2729
708 159 932 217 (30)

225 312 341 344 umor
365 299 651 356 progrediente
681 310 867 360 tempore
906 302 948 342 in
987 296 1266 342 miserrimam
1288 301 1357 344 de-

223 385 430 440 generavit
467 382 817 437 superstitionem,
859 385 915 425 ita
951 394 1025 434 ut,
1070 386 1202 426 auctis
1240 394 1359 425 monz·

223 467 392 508 strosum
431 468 472 507 in
509 466 676 507 modum
703 467 848 509 ritibus
885 468 1091 517 externis,
1137 468 1178 508 in
1208 468 1360 521 quibus

222 551 344 592 unice
374 550 582 591 haererent
611 542 827 600 homines,
865 562 1061 604 perquam
1089 550 1256 591 arduum
1286 550 1360 592 fibi

220 633 364 689 jugum
392 634 678 686 imponerent,
709 633 822 687 quod
850 633 1000 683 servis,
1048 645 1131 674 non
1169 646 1269 674 vero
1299 634 1360 674 in-

221 717 366 772 genuis
393 716 476 757 Dei
520 715 751 758 cultoribus
794 717 1046 758 conveniret.
1117 707 1248 757 Estne
1290 729 1360 757 au-

221 807 304 839 tem
331 798 486 853 aliquid
514 801 598 840 veri
624 799 829 853 probique
862 799 1032 840 honoris
1063 798 1195 840 studio
1231 800 1361 854 mag-is

219 881 429 924 adversum
448 913 460 932 ‚
493 895 613 936 quam
644 882 907 936 superstitio?
938 881 1053 923 Haec
1083 882 1260 923 animum
1290 881 1359 922 de-

221 963 357 1006 bilitat
411 964 696 1019 deprimitque.
786 963 900 1006 Haec
953 965 1174 1006 erectiores
1225 964 1360 1006 sensus

219 1047 421 1099 cohibet..
480 1046 594 1090 Haec
631 1047 764 1088 vilem-
793 1049 947 1089 excitat
979 1047 1236 1101 superbiam,
1280 1060 1360 1101 qua

218 1132 311 1184 quis
339 1123 495 1171 fibimet
520 1131 604 1184 ipse
626 1130 768 1171 stolide
796 1129 933 1184 placet
960 1129 1145 1184 aliosque
1171 1142 1264 1171 cum
1295 1131 1357 1170 in-

217 1211 312 1253 sano
341 1212 446 1253 fastu
470 1213 674 1265 despicit,
706 1212 802 1253 dum
829 1212 1002 1253 Numini
1030 1211 1190 1254 Divino
1218 1212 1257 1253 se
1271 1214 1358 1254 exi-

215 1296 294 1335 mie
325 1307 482 1349 gratum
512 1290 596 1336 esse
628 1296 831 1348 opinatur.
861 1322 908 1331 -
937 1295 993 1335 At
1023 1295 1156 1336 videte
1188 1307 1352 1347 tamen,

215 1388 406 1431 quantam
447 1379 529 1418 vim
574 1379 617 1418 in
653 1378 736 1431 ipsa
777 1377 1072 1432 superstitionis
1122 1378 1354 1421 humilitate

213 1459 400 1501 habuerit
426 1459 650 1514 religio-ad
678 1459 780 1502 illud
806 1461 1088 1512 efficiendum,
1121 1475 1207 1516 quo
1241 1461 1354 1504 haud

213 1543 383 1598 exiguus
411 1542 595 1584 censetur
623 1542 795 1598 alicujus
827 1545 959 1600 gentis
1001 1544 1163 1595 honors,
1206 1557 1249 1586 et
1277 1545 1351 1600 Ju-

211 1624 335 1666 daeos
380 1627 514 1681 magni
558 1626 788 1683 aestimate,
827 1628 976 1682 quibus
1013 1629 1054 1668 in
1092 1628 1349 1682 praestanda,
1404 1667 1407 1670 .

212 1721 332 1761 quam
363 1708 484 1749 semel
516 1709 835 1760 obstrinxerant,
881 1710 960 1752 fide
1005 1710 1108 1751 nulli
1138 1724 1350 1765 compara*

213 1791 428 1832 biles-esse
459 1792 510 1833 ab
541 1794 689 1834 exteris
716 1784 1351 1848 ¹principibusjudicarentur2-.

211 1873 325 1927 Quid
355 1887 453 1915 vero
483 1875 622 1916 eadem
653 1875 801 1931 religio
819 1906 832 1926 ‚
866 1877 1022 1917 summo
1051 1889 1185 1918 rerum
1206 1877 1349 1918 discri-

212 1957 318 1996 mine
347 1957 398 1997 ad.
427 1957 610 1999 nobilem
641 1958 748 1999 suam
779 1960 1060 2001 efficacitatem
1090 1971 1262 2001 evocata
1305 1971 1348 2001 et

212 2040 320 2093 quafi
366 2040 604 2092 compulsa,
649 2041 820 2082 vahierit
861 2042 910 2083 ad
940 2042 1179 2097 generosum
1211 2042 1346 2083 hono-

212 2122 267 2162 ris
318 2121 470 2163 sensum
521 2135 544 2163 a
585 2122 818 2165 servilibus]
838 2125 1128 2177 superstitionis
1171 2125 1346 2167 vinculis

214 2201 464 2249 liberandum
481 2234 495 2255 ,
519 2244 524 2248 ,
555 2215 751 2248 testentur
810 2218 993 2268 tempora
1046 2207 1315 2251 Maccabaica
1333 2241 1344 2254 .

1254 2292 1344 2346 qui-
