1519 2729
691 131 913 186 (40)

239 268 436 323 quendam
458 268 596 310 locum
624 281 898 323 occupantes,
931 280 1063 310 earum
1094 266 1348 308 multitudine

237 340 434 392 imprimis
473 338 696 393 gloriantur
734 352 849 394 reges
888 337 982 393 (a).
1043 337 1181 390 Itaque
1222 336 1349 377 Davi-

237 407 307 449 des
349 408 397 448 ad
425 409 574 462 regiam
616 408 781 450 evectus
820 409 1055 464 dignitatem
1090 406 1225 459 plures
1266 407 1349 461 jam

236 490 384 519 uxores
412 478 576 518 duxerat
606 474 683 529 (b)
701 507 714 526 ,
746 490 966 533 regumque
996 477 1208 526 ditisfimus
1232 475 1348 516 Salo-

236 560 313 609 mo'
346 547 616 601 septingentas
643 548 744 587 adeo
787 547 928 588 aluisse
967 558 1210 587 memoratur
1249 558 1352 586 uxo-

238 630 328 666 res,
361 628 402 657 et
429 616 599 669 pellices
627 627 824 657 trecentas
853 614 941 670 (c).
1003 614 1118 669 Quae
1142 629 1236 656 cum
1264 614 1358 668 ple-·

236 697 383 738 raeque
422 698 449 725 ·e
490 686 654 738 populis
694 686 872 726 finitimis
908 685 1098 726 oriundae
1127 685 1282 733 essent,
1313 695 1356 723 et

235 756 457 809 peregrinis
487 753 579 795 Diis
607 755 820 804 addictae,
863 768 941 808 qua
970 754 1156 795 valebant
1179 755 1218 794 in
1242 755 1355 794 viros

234 823 440 865 alliciendi
483 836 524 865 et
566 825 827 877 persuadendi
858 827 926 875 vi,
972 836 1043 864 eos
1081 823 1132 864 ad
1167 822 1361 874 Deorum

234 895 397 935 suorum
451 894 605 935 cultum
645 895 764 937 facile
802 893 1079 948 pelliciebant.
1169 892 1355 948 Quantae

234 974 368 1003 autem
408 964 449 1003 in
492 964 683 1004 foeminis
712 966 799 1005 istis
829 963 978 1004 fuerint
1006 962 1248 1011 illecebrae,
1284 975 1355 1004 ex-

233 1043 373 1086 pertus
427 1043 488 1072 est
546 1032 741 1083 Salomo,
793 1046 934 1088 regum
990 1031 1061 1072 ille
1119 1031 1355 1085 sapientissi-

232 1113 336 1142 ωας.
410 1101 474 1143 Ac
523 1115 725 1155 nunquam
767 1103 961 1144 Achabus
1000 1114 1051 1142 eo
1098 1101 1357 1153 processisset

232 1172 532 1222 perversitatis,
577 1174 648 1217 nifi
690 1172 886 1214 Isabelem
927 1170 1186 1212 Phoenissam
1229 1171 1355 1212 habu-

232 1240 328 1281 isset
351 1254 521 1281 uxorem
549 1240 643 1295 (d).

291 1308 420 1350 Hisce
461 1322 593 1351 autern
636 1311 888 1365 temporibus
933 1309 1212 1352 Hebraeorum
1242 1309 1356 1352 Prin-

237 1381 382 1433 cipeS,
413 1393 464 1421 ex
491 1391 712 1422 mercatura
746 1396 908 1438 magnas
937 1383 1010 1423 fibi
1032 1382 1190 1423 divitias
1217 1382 1354 1431 nacti,

233 1461 276 1489 et
320 1451 360 1489 in
389 1451 510 1490 rebus
536 1449 656 1492 lautis
685 1452 911 1503 versantes,
952 1452 1132 1492 moribus
1164 1451 1354 1492 vivebant

236 1518 439 1559 dissolutis
459 1517 546 1573 (e).
607 1521 674 1561 Ad
705 1523 938 1574 principum
970 1523 1094 1577 igitur
1122 1521 1354 1574 exemplum

237 1601 330 1628 cum
371 1589 411 1628 in
453 1587 622 1629 Oriente
658 1603 778 1643 quam
809 1591 1027 1644 plurimum
1056 1603 1355 1644 componantur

235 1657 369 1705 cives,
415 1657 570 1699 luxuria
608 1670 649 1699 et
705 1661 879 1701 mollitie
920 1661 1018 1714 ipse*
1043 1661 1124 1715 jam
1163 1660 1352 1712 deprava-

238 1737 302 1768 tus
327 1726 506 1781 populus
536 1728 657 1771 facile
702 1730 774 1772 fibi
817 1729 1044 1784 persuaderi
1087 1731 1265 1780 fluebat,
1309 1740 1354 1769 ut

1281 1811 1351 1852 Pe·

252 1960 256 1963 ,
280 1921 345 1967 (a)
370 1924 567 1967 Muntinghe
584 1949 595 1966 ‚
618 1926 640 1960 l.
670 1926 691 1960 l.
720 1925 817 1959 Tom.
845 1927 904 1961 VI.
928 1936 1002 1970 pag.
1024 1937 1092 1970 40,
1116 1935 1171 1970 41.

281 1977 345 2023 (h)
371 1991 389 2014 2
416 1981 498 2014 Sam.
522 1982 567 2014 11:
586 1992 620 2015 2.
651 1982 710 2017 III:
734 1994 754 2017 2
770 2003 784 2009 —
801 1985 831 2018 8.
861 1985 936 2018 XII:
957 1986 987 2019 8.

282 2035 339 2079 (c)
368 2048 380 2070 1
414 2037 503 2079 Reg.
527 2038 583 2071 XI:
609 2048 641 2080 3.

281 2091 345 2135 (d)
369 2093 567 2132 Verschuir,
591 2095 612 2128 1.
642 2096 664 2128 1.
689 2106 723 2138 p.
755 2106 829 2140 172.

281 2147 340 2193 (e)
364 2150 563 2192 Muntinghe
579 2175 590 2191 ‚
613 2152 637 2185 1.
662 2153 683 2186 1.
708 2152 803 2187 Tom.
827 2153 902 2188 vn.
925 2161 999 2195 pag.
1026 2161 1201 2197 142-147.
