1519 2729
733 216 987 273 (160)

292 371 375 402 non
429 358 610 401 detrahat
659 356 796 405 bona,
839 356 986 410 quibus
1029 353 1188 410 jamjam
1233 353 1414 395 instructi

279 426 450 472 'sumusz
483 429 614 470 officia
637 427 880 483 necessitatis
911 425 991 480 (ita
1020 425 1125 465 enim
1155 424 1309 472 officia,
1341 423 1413 475 qui

291 502 333 541 vi
372 497 540 553 possunt
578 497 840 550 extorqueri,
886 496 1021 536 dicere
1069 494 1253 543 videtur,
1299 491 1414 546 quod

290 574 410 624 patet
430 582 452 609 e
480 567 629 610 collata
656 567 680 620 §
710 564 916 619 sequenti)
945 578 996 605 eo
1028 565 1224 612 tendunt,
1254 576 1304 603 ne
1319 563 1411 616 quis

292 640 406 681 alteri
437 639 616 680 detrahat
647 637 689 676 id
717 636 815 675 boni
847 635 1151 686 cujuscunque,
1197 647 1281 687 quo
1317 645 1412 674 eum

288 711 452 766 Jamjam
497 718 678 749 ornatum
719 703 996 758 deprehendit.
1056 703 1170 758 Quid
1211 704 1335 758 igitur
1361 703 1412 743 de

289 779 542 833 imperfectis
595 776 738 817 officiis
797 775 999 822 sentierit,
1055 786 1076 813 e
1123 773 1243 814 dictis
1289 771 1412 813 facile

287 849 513 903 colligitur.
544 866 588 876 -
617 844 684 885 Ad
705 843 775 897 Jus
793 843 986 885 Gentium
1013 855 1146 884 autem
1163 865 1177 892 ,·
1208 843 1312 884 idem
1338 842 1410 896 Jus

285 919 389 960 illud
418 917 646 972 applicatur
675 912 771 967 (ι).
833 912 1005 961 Officia,
1036 915 1195 966 inquit,
1228 912 1411 967 perfecta

285 988 469 1030 absoluta
497 987 677 1041 gentium
706 996 800 1038 erga
829 983 867 1022 se
908 984 1107 1034 invicem,
1150 966 1412 1024 continentur
1438 990 1442 992 ’

283 1059 359 1099 hac
400 1058 678 1111 propofitione
709 1053 1024 1095 fundamentali:
1069 1082 1098 1105 „
1128 1065 1172 1093 ut
1201 1066 1279 1094 una
1311 1066 1409 1108 gens

283 1128 448 1168 alteram
490 1139 573 1166 non
611 1123 742 1165 laedat
771 1124 848 1164 five
876 1123 962 1177 ejus
992 1122 1131 1163 statum
1159 1135 1241 1163 non
1270 1123 1410 1165 reddat

287 1192 680 1251 imperfectiorem.”
727 1191 843 1246 Quae
871 1194 996 1246 igitur
1016 1195 1256 1235 contrariam
1284 1196 1409 1235 ratio-

252 1257 256 1260 *
282 1280 374 1307 nem
391 1266 569 1314 habent,
598 1263 728 1304 officia
757 1262 997 1315 imperfecta
1029 1263 1198 1304 dicenda
1210 1264 1326 1313 esse,
1358 1278 1409 1306 ex

281 1337 391 1377 illius
421 1336 614 1375 sententia
644 1332 763 1374 facile
794 1344 917 1386 patet.
981 1332 1108 1388 Quod
1133 1335 1242 1377 enim
1267 1334 1409 1376 statum

281 1406 413 1446 reddit
439 1405 602 1445 alterius
629 1405 760 1443 minus
789 1403 1044 1456 perfectum,
1077 1403 1178 1444 illud
1193 1405 1234 1444 in
1264 1405 1408 1446 officiis

280 1475 503 1529 perfectis,
549 1474 723 1526 positum
767 1472 851 1511 esse
893 1473 1079 1522 videtum,
1123 1473 1172 1513 ad
1213 1474 1253 1514 id
1279 1488 1408 1526 vero,

282 1545 395 1599 quod
443 1545 614 1599 alicujus
658 1541 798 1581 statum
831 1542 961 1582 reddit
989 1541 1197 1584 meliorem
1238 1555 1278 1584 et
1316 1558 1408 1597 per-

282 1616 527 1663 fectiorem,
569 1614 610 1653 vi
640 1613 734 1664 cogi
763 1623 883 1650 nemo
911 1621 1078 1663 potest,
1123 1624 1184 1654 est
1208 1614 1333 1669 igitur
1359 1615 1409 1656 il-

279 1686 354 1728 lud
379 1687 420 1727 in
450 1685 593 1726 officiis
623 1682 796 1736 pofitum
826 1681 1093 1734 imperfectis,

715 1808 900 1862 1§1V.

621 1939 1080 1982 WoLFFJUs.

338 2070 715 2131 Hoepfnerus
743 2069 867 2123 igitur
894 2079 1041 2109 etante
1074 2065 1407 2109 Koehlerus

1311 2149 1405 2190 per-

327 2205 391 2251 (1)
429 2206 505 2240 vid.
534 2208 670 2250 Syttema
709 2206 802 2242 Jum's
829 2208 978 2239 Gentium
1004 2217 1045 2240 ex
1070 2207 1214 2248 genuinis
1239 2206 1411 2250 Princtpit's

279 2266 422 2305 evoluti,
450 2264 571 2305 Pragae
600 2272 683 2295 auno
715 2264 810 2306 1768.
838 2273 872 2306 p.
893 2271 949 2304 35.
