1519 2729
578 146 827 206 (141)

123 277 349 331 ,quendam
393 281 614 333 moralem,
656 285 720 326 vel
759 288 812 347 fie
855 298 984 330 tamen
1019 303 1095 344 pro
1123 291 1275 336 fiunmo

151 350 361 404 principio
387 351 530 395 assumi
562 366 644 410 nou
672 348 926 414 posset(1).

629 494 813 547 §ms

500 631 772 678 GARVE
833 633 926 692 (2).

199 765 362 821 Quare,
394 769 553 823 inquit,
594 772 767 816 summus
799 776 1079 829 Ga1·vius‚
1121 794 1266 836 agnos-

141 835 273 884 citur,
304 837 457 890 aliquid
474 841 672 894 'interesse
706 847 809 886 inter
833 860 1046 902 praecepta
1066 854 1264 894 naturae?
1312 900 1315 903 Δ

139 917 262 957 quare
301 906 390 946 aliis
420 909 591 950 dicimur
624 912 815 967 perfecte
861 919 1011 967 teneri,
1049 919 1136 960 aliis
1167 935 1266 963 vero

138 973 382 1028 imperfecte
399 1008 412 1026 ‚
457 978 498 1018 id
533 992 621 1028 est,
653 993 774 1032 quare
801 982 850 1022 ad
877 985 946 1026 illa
971 990 1195 1043 peragenda
1224 993 1266 1032 vi

138 1046 235 1097 cogi
272 1046 509 1097 possumus,
551 1050 600 1090 ad
639 1050 738 1091 haec
771 1064 867 1092 vero
909 1057 1070 1098 minus?
1112 1058 1264 1100 Non'ne

138 1113 336 1166 quidquid
365 1115 578 1160 honestum
596 1131 684 1169 est,
716 1120 758 1162 id
785 1135 903 1164 omne
929 1125 1081 1179 justum
1104 1140 1166 1168 est
1193 1130 1263 1170 ha·-

137 1183 341 1235 bendum,
385 1199 425 1227 et
460 1201 592 1229 noune
632 1203 752 1231 omne
777 1193 928 1247 justum
964 1195 1170 1238 moraliter
1200 1210 1262 1240 est

134 1255 433 1297 necessarium?
464 1257 625 1311 Quibus
652 1259 701 1299 ad
728 1261 826 1301 haec
860 1265 1014 1316 optime
1045 1265 1262 1319 responde-

135 1333 218 1373 tur,
250 1336 295 1364 ea
321 1325 408 1366 sane
433 1338 566 1368 veram
592 1329 689 1383 justi
707 1332 901 1382 praebent
929 1335 1154 1378 notionem.
1186 1338 1261 1380 Vis

131 1405 190 1436 et:
210 1407 343 1447 poena
384 1397 486 1437 mala
511 1398 599 1438 sunt
626 1399 859 1450 habendae,
905 1415 987 1444 non
1031 1406 1156 1459 igitur
1190 1409 1261 1453 ad-

131 1462 350 1513 hibendae,
394 1466 464 1506 nifi
493 1467 641 1508 malum
672 1470 783 1522 quod
823 1472 914 1512 inde
948 1475 1115 1526 profluit
1146 1491 1260 1519 com-

130 1533 316 1584 pensetur
336 1536 508 1576 utiIitate
536 1537 644 1578 illius
662 1569 674 1587 ‚
705 1540 817 1592 quod
845 1543 884 1582 vi
911 1546 1099 1598 exigitur.
1167 1547 1259 1588 Ali-

130 1604 371 1654 quithtile
414 1606 576 1658 quidem
605 1609 689 1648 esse
719 1622 882 1662 potest,
927 1626 1008 1654 non
1042 1629 1139 1656 vero
1182 1619 1258 1657 ob—

127 1670 280 1724 jectum
305 1686 612 1728 praeceptorum
638 1682 871 1734 cogentium
909 1694 949 1723 et
987 1687 1255 1737 punientium.

1182 1756 1257 1797 Pa-

173 1838 236 1884 (1)
260 1842 335 1877 Vid.
359 1844 400 1878 T.
424 1845 443 1878 S
460 1857 482 1887 y
496 1857 517 1888 p
533 1846 553 1879 k
569 1857 587 1880 e
602 1859 622 1881 n
638 1859 651 1881 s
666 1873 677 1889 ‚
702 1849 837 1886 Dissert.
857 1854 967 1896 Inaug.
990 1855 1028 1888 de
1050 1857 1154 1889 Primo
1180 1856 1254 1890 Mo-

124 1898 270 1932 ralimtt‘s
283 1904 438 1945 principio
453 1927 464 1942 ‚
489 1904 648 1947 Grouing.
677 1909 769 1942 1801.
786 1919 820 1950 p.
842 1911 884 1952 98
909 1912 955 1953 sq.

170 1951 232 1998 (2)
259 1958 317 1988 Ga
334 1966 348 1989 r
364 1968 384 1990 v
401 1968 419 1991 e
436 1984 446 1999 ‚
492 1961 734 2005 Amnerkngen
771 1977 812 1999 zu
850 1966 1011 2009 &gastus
1038 1968 1254 2012 Grundsc'itsen

122 2010 180 2044 det·
216 2010 378 2056 Bla'wlph.
420 2025 455 2057 ρ.
483 2027 548 2060 414
571 2019 639 2060 sqq.
666 2019 787 2062 prodiit
814 2022 897 2056 Arm.
926 2034 1020 2068 1772.
1052 2026 1160 2059 Aliter
1178 2028 1251 2069 qui-

123 2065 198 2099 dem
222 2077 255 2101 et
293 2072 390 2111 magis
418 2073 594 2106 secuudum
621 2076 645 2109 P
660 2086 680 2109 u
695 2077 742 2110 fe
759 2089 778 2110 11
793 2077 812 2110 d
829 2089 851 2112 o
866 2089 881 2111 1·
896 2079 959 2113 fii
997 2082 1249 2125 Wolfiique

122 2125 272 2165 opiniones
287 2125 370 2158 idem
387 2137 504 2163 auctor
528 2130 585 2164 hac
600 2132 642 2165 de
663 2143 699 2166 re
726 2134 874 2176 exposuit
899 2136 928 2168 in
952 2138 1110 2173 animadv.
1134 2139 1195 2174 suis
1209 2141 1248 2174 ad

123 2180 225 2214 Cic.
244 2182 281 2215 cle
303 2182 363 2226 Off]
389 2186 417 2220 Ι.
440 2196 474 2229 p.
497 2189 539 2231 98
568 2189 616 2232 sq.
640 2189 728 2231 quod
748 2190 869 2234 prodiit
890 2193 974 2228 Anu.
1001 2197 1096 2238 1783.
