1519 2729
551 159 772 216 (93)

113 298 195 338 bris
219 295 414 350 pellecti,
445 297 656 339 Antiocho
672 298 878 352 Epiphani
902 297 1115 353 gratificari
1137 298 1221 338 vel-

43 410 47 411 ?
110 365 214 416 lent,
251 367 368 419 eique
395 367 527 407 cultus
554 367 730 409 Mosaici
757 368 978 423 abrogandi
1006 369 1224 408 existerent

109 447 322 485 auctores,
353 437 566 489 inquibus
596 438 825 490 praesertim
857 438 1102 478 memorandi
1135 437 1223 477 sunt

109 505 250 546 summi
266 493 477 546 Pontifici&
505 505 577 546 filii
606 509 834 561 nequissimi
856 507 975 561 Jezus
1004 519 1043 548 et
1066 508 1222 556 Onias‚

107 576 176 629 qui
204 574 361 616 Graeca
384 575 485 615 adeo
510 575 666 629 Jasonis
697 589 738 618 et
763 577 942 618 Menelai
972 579 1135 618 nomina
1158 591 1223 618 re-

106 656 300 698 ceperunt
330 643 438 698 (ὣς
469 649 652 698 quamvis
675 649 770 688 item
794 648 877 701 ipse
904 661 1046 702 postea
1075 647 1220 688 Antio-

104 714 204 756 chus
236 716 446 768 principiis
489 714 680 768 politices
725 717 869 758 ductus
910 717 1127 766 edixisset,
1168 729 1221 756 ne

104 786 194 838 quis
220 786 363 825 avitam
404 785 642 841 religionem
669 787 955 840 profiteretur,
999 788 1220 842 populum-

102 867 183 908 que
228 853 490 896 reluctantem
541 858 805 899 acerbisfimis
851 858 1132 898 vexationibus
1167 856 1220 897 ad

100 923 211 965 idola
239 924 409 965 colenda
439 939 588 980 cogere
617 928 861 967 anniteretur
889 925 994 979 (ὣς,
1034 928 1133 968 haec
1159 938 1218 967 ta-

99 1005 191 1033 men
216 1004 258 1033 et
284 995 533 1047 quorundam
560 995 802 1050 Judaeorum
847 996 997 1038 malitia
1037 1010 1082 1038 ac
1126 1009 1217 1050 pcr-

99 1061 218 1111 fidia,
250 1074 290 1103 et
324 1062 521 1106 Antiochi
549 1067 771 1107 auctoritas
800 1067 934 1121 regia,
977 1078 1019 1120 et
1045 1066 1216 1107 hostiles

97 1133 299 1173 exercitus
326 1134 514 1187 permulti
544 1137 636 1189 pios
661 1136 839 1190 Jehovae
867 1137 1047 1178 cultores
1067 1137 1116 1177 ad
1147 1137 1215 1177 de·

99 1201 259 1244 serenda
287 1204 392 1244 sacra
424 1204 530 1245 haud
565 1206 764 1249 adducere
796 1219 1029 1261 potuerunt.
1099 1207 1216 1248 Con-

99 1284 158 1313 tra
188 1286 283 1314 vero
314 1286 419 1315 arma
457 1274 626 1316 strenue?
653 1278 858 1331 capientes
893 1289 1064 1318 mortem
1104 1277 1214 1330 prius

96 1342 232 1392 obire,
264 1355 382 1396 quam
406 1345 455 1384 ab
480 1346 584 1385 avita
599 1345 796 1400 religione
818 1347 1046 1396 discedere,
1075 1346 1214 1387 decre-

94 1424 237 1454 verunt
275 1412 478 1466 permulti.
538 1414 676 1468 Atque
718 1418 773 1456 ita
814 1417 1000 1468 tandem,
1041 1416 1215 1457 ducibus

95 1483 354 1525 maccabaeis
388 1495 427 1524 et
467 1482 618 1537 'virtute
651 1485 800 1528 bellica
844 1498 883 1528 et
911 1487 1032 1527 animi
1061 1488 1214 1541 magni-

56 1566 60 1572 ·
96 1553 230 1593 tudine
286 1565 326 1594 et
378 1553 619 1606 liberalitate
665 1556 788 1610 longe
844 1556 1212 1610 praestantissimis,

95 1623 311 1664 immortali
352 1637 444 1665 cum
492 1625 907 1681 gloria·religionem
945 1628 1120 1674 avitam,
1161 1641 1211 1669 ac

93 1692 318 1734 libertatem
364 1695 412 1735 ab
445 1697 593 1735 exteris
644 1697 896 1738 vindicarunt
932 1695 1021 1752 (c).
1092 1696 1211 1751 Quae

93 1764 255 1816 quidem
305 1763 512 1815 facinora,
583 1779 659 1820 pro
710 1767 825 1808 causa
863 1766 1014 1808 Divina
1064 1780 1208 1820 perpe-

1132 1848 1208 1877 tra-

137 1907 200 1952 (a)
227 1919 238 1943 1
273 1910 422 1946 Maeeab.
449 1915 475 1948 1:
507 1923 541 1948 11
557 1922 636 1957 -15.
659 1925 679 1949 2
709 1913 858 1948 Maccab.
882 1914 939 1948 IV:
971 1924 1075 1957 1-50.
1107 1915 1208 1949 Ccmf.

92 1966 312 2008 Muntinghe‚
337 1968 359 2003 l.
389 1969 411 2002 1.
441 1969 481 2004 Τ.
509 1970 601 2005 VIII.
628 1982 661 2013 p.
689 1980 752 2012 225
771 1980 873 2012 -231.

76 2043 79 2047 -
136 2021 198 2068 (b)
227 2033 239 2056 1
267 2024 418 2058 Maccab.
449 2026 475 2060 I:
504 2028 646 2069 44-68.
671 2037 689 2059 2
720 2026 874 2060 Maccab.
901 2028 974 2068 VI,
998 2029 1072 2063 VII.
1104 2030 1204 2065 Cous.

91 2079 288 2123 Muntinghe
305 2106 315 2121 ,
342 2082 363 2115 l.
387 2082 408 2116 1.
433 2082 473 2118 T.
489 2084 579 2120 VHI.
595 2095 629 2127 p.
653 2091 716 2126 235
734 2103 748 2108 -
763 2093 837 2126 240.

134 2133 190 2181 (c)
218 2148 229 2171 1
264 2138 413 2175 Maccab.
429 2140 459 2173 11
482 2141 572 2184 seqq.
597 2141 694 2176 Conf.
718 2139 916 2182 Muntinghe
931 2165 942 2180 ‚
967 2141 988 2175 l.
1013 2141 1035 2177 1.
1050 2142 1090 2177 T.
1105 2143 1217 2177 VIH..

89 2201 125 2236 Ρ.
147 2203 207 2239 24¹
227 2214 240 2220 -
254 2195 330 2230 288.
355 2195 474 2231 Pareau
490 2221 503 2238 ,
524 2197 638 2242 Antiq.
666 2196 772 2233 I-Iebr.
795 2208 829 2241 p.
859 2207 899 2241 33
916 2219 929 2225 -
945 2199 1000 2241 36.
