1519 2729
763 155 985 209 (68)

318 292 390 335 dus
417 305 556 334 mucus
585 303 656 332 est.
719 290 795 331 Est
821 293 929 333 enim
957 293 1166 340 materies,
1204 305 1226 332 a
1252 294 1436 345 corporis

314 363 494 416 partibus
522 362 670 402 secreta
696 372 735 401 et
762 361 952 414 profecto
979 361 1233 402 animalisata.
1294 362 1433 417 Quum

314 444 411 472 vero
441 431 565 473 solida
592 431 661 471 illa
697 432 893 484 imprimis
934 432 1142 481 dicantur,
1186 443 1286 484 quae
1323 432 1436 472 vitali

311 502 377 549 vi,
409 513 453 541 ut
481 501 618 555 ajunt,
650 499 878 553 praesertim
894 501 1077 553 pollent,
1107 511 1146 540 et
1176 500 1308 541 fluidis
1334 500 1433 542 licet

311 573 467 612 minore
508 571 692 624 energia,
739 569 764 608 fi
807 570 860 609 ita
887 569 1002 622 loqui
1028 569 1088 609 fas
1117 571 1189 618 fit,
1234 583 1315 610 non
1346 582 1433 611 tota

307 640 555 694 denegetur,
600 637 844 679 concludere
886 638 1032 688 licet„
1069 650 1201 690 partes
1244 641 1432 691 corporis

307 708 518 756 animalis,
563 719 646 760 quo
674 708 843 759 propius
868 707 917 748 ad
947 707 1073 748 solida
1099 710 1271 762 genuina
1309 721 1431 749 acce-

305 778 428 826 dant,
459 789 509 816 eo
540 776 730 830 majorem
757 778 860 817 vitae
883 777 1047 831 gradum
1074 764 1305 830 posfidere,
1344 778 1432 819 aliis

305 847 438 898 verbis
465 859 516 886 eo
543 847 668 900 magis
692 845 927 886 animalisari
958 843 1051 898 (1).
1112 846 1206 887 Hoc
1236 849 1261 888 fi
1290 860 1429 889 verum

292 928 394 973 best,
438 910 778 956 mucus'materia
815 915 1006 964 habetur,
1051 916 1090 955 vi
1130 916 1242 956 vitali
1285 917 1426 968 dives,

302 987 501 1039 imprimis
528 985 554 1024 fi
580 984 843 1039 degeneretur
870 979 1163 1037 aliquomodo,
1209 997 1252 1026 ut
1290 987 1330 1026 in
1364 989 1429 1040 pi-

304 1057 444 1096 tuitam
470 1055 713 1094 tenaciorem
743 1054 859 1095 abeat
887 1066 927 1094 et
951 1066 1164 1106 mutetur,
1209 1068 1259 1097 eo
1302 1056 1428 1111 magis

304 1127 410 1165 enim
435 1124 485 1164 ad
510 1122 635 1164 solida
659 1124 817 1165 accedit
846 1125 1034 1179 genuina.

752 1263 776 1316 ς
807 1261 1003 1304 XLvm.

283 1444 287 1452 ,
358 1400 611 1442 Animalcula
654 1400 844 1442 infusoria
884 1401 990 1442 dicta
1019 1404 1214 1455 imprimis
1244 1404 1356 1444 hisce
1386 1406 1425 1444 in

302 1471 544 1524 corporibus
588 1470 776 1523 (materia
817 1472 1009 1523 pituitosa
1051 1484 1117 1513 aut
1148 1471 1338 1524 mucosa)
1367 1473 1423 1513 fa-

300 1541 454 1582 cillime
482 1539 680 1593 produci,
711 1552 786 1580 nos
813 1539 934 1580 docet
953 1540 1194 1581 observatio.
1257 1540 1422 1583 Sienim

1350 1624 1424 1665 per

344 1729 407 1777 (ι)
445 1732 519 1764 Hoc
559 1729 754 1763 vocabulum
788 1728 1023 1774 (animalisve)
1062 1732 1260 1775 plerumque
1287 1731 1423 1774 quidem

300 1788 435 1822 sumitur
453 1784 492 1820 ind
519 1785 747 1828 fignificandam
774 1794 842 1819 eam
866 1788 1050 1827 actionem,
1084 1797 1145 1829 qua
1174 1788 1325 1822 materies
1359 1789 1419 1822 he-

301 1853 481 1887 terogenea
499 1853 714 1887 quaecunque
735 1850 865 1875 naturae
889 1852 1019 1876 nostrae
1049 1842 1084 1876 fit
1112 1842 1284 1886 adaequata
1300 1869 1310 1885 ,
1333 1847 1420 1888 poti-

298 1911 337 1935 us
380 1910 486 1934 tamen
527 1908 676 1942 vegetare
698 1900 810 1932 vocari
833 1899 954 1943 posse,
992 1899 1068 1932 mihi
1104 1890 1256 1940 videtur,
1292 1900 1315 1934 fi
1344 1911 1418 1935 cum

298 1959 351 1992 Cl.
394 1957 520 1991 Cuvi
537 1965 554 1988 e
571 1957 647 1988 rio
689 1955 893 1989 functionum
930 1955 1119 1989 divisionem
1148 1966 1355 1998 agnoscamus
1383 1959 1423 1992 in'

295 2015 444 2047 animales
464 2013 506 2047 sc.
527 2020 561 2044 et
587 2012 710 2045 vitales.
756 2013 855 2046 Conf.
883 2011 953 2054 ejus
981 2013 1086 2055 Regne
1111 2002 1246 2046 Amin-Sal
1264 2015 1360 2048 Tom.
1387 2016 1415 2048 Ι.

294 2079 366 2112 pag.
396 2071 438 2111 36
496 2066 548 2101 Ad
571 2067 702 2110 primam
724 2068 822 2110 igitur
845 2069 974 2103 classem
996 2076 1134 2101 nostram
1163 2069 1324 2103 referrem
1360 2079 1414 2103 ac-

297 2125 442 2164 tionem,
478 2124 627 2166 quoniam
663 2125 869 2168 proprietate
907 2124 1047 2170 gaudet,
1084 2126 1180 2169 magis
1221 2135 1283 2170 per
1306 2126 1338 2161 se
1364 2127 1414 2160 vi-

294 2179 404 2215 uendi.
