1519 2729
722 194 948 254 (70)

263 330 470 392 ’eligioffis
501 330 756 377 Christianae
789 333 974 389 proxlme
1018 327 1264 376 adducerent
1287 330 1387 387 (a).

262 403 409 460 Neque
451 405 587 446 verbis
627 416 778 446 tantum
823 407 1029 447 docebant
1057 405 1389 457 monebantque,

259 474 330 517 sed
356 475 463 517 dicta
489 475 607 516 factis
630 472 955 528 comprobabant
976 474 1264 517 illusstrisfimis
1283 473 1360 528 (h)
1375 502 1389 522 ‚

260 545 303 586 in
347 547 525 586 omnium
568 543 730 594 sensnm,
775 547 923 599 quibus
953 546 1063 586 omni
1091 558 1192 586 aevo
1222 555 1391 599 magno—

260 627 358 668 pere
400 613 666 655 movebantur
708 614 882 656 Hebraei
900 647 916 666 .,
969 615 1290 664 incurrentibus,
1351 613 1392 655 id

261 686 381 725 unice
396 696 590 739 agentes,
621 696 664 724 ut
692 686 820 725 hosce
843 687 892 727 ab
925 687 1085 734 insana,
1117 697 1196 739 qua
1227 685 1278 726 ad
1303 685 1392 725 ido·

261 753 395 794 lorum
436 753 694 808 pluriumque
730 753 919 797 Deorum
949 755 1103 798 cultum
1137 755 1393 805 ferebantur,

258 825 527 878 propensione
564 836 780 865 avocarent
807 823 897 879 (c).
970 825 1163 875 Etenim,
1214 825 1395 879 prophe—

260 906 388 936 tarum
428 895 576 947 scripta
613 895 765 951 legenti
804 896 992 938 videntur
1047 896 1147 937 mihi
1185 896 1394 936 communi

260 965 368 1018 quast
404 964 606 1015 consilio,
651 977 691 1005 et
734 967 965 1021 conjunctis
1006 968 1161 1008 viribus
1188 979 1328 1008 omnes
1353 968 1394 1007 in

261 1032 304 1075 id
327 1047 473 1075 nervos
500 1035 714 1076 intendisse
741 1047 782 1076 et
815 1036 941 1077 veluti
981 1037 1228 1090 conspirasse
1245 1069 1258 1088 ‚
1308 1049 1394 1090 quo

260 1105 371 1152 idola
398 1117 439 1145 et
466 1107 703 1161 peregrinos
733 1105 850 1148 Deos
877 1105 1155 1156 debellarent,
1185 1119 1226 1148 et
1248 1107 1298 1148 ad
1333 1109 1394 1147 in-

262 1177 538 1216 tcmecionem
578 1176 757 1217 delerent
805 1175 899 1230 (d).
989 1176 1089 1232 Quo
1140 1179 1391 1231 potisfimum

262 1244 432 1286 consilio
463 1245 675 1298 complura
699 1247 908 1287 ediderunt
937 1249 1157 1296 vaticiniaz,
1190 1258 1393 1300 quactum

261 1314 425 1354 demum
479 1325 641 1355 omnem
676 1316 781 1356 suam
824 1318 908 1355 vim
948 1317 989 1356 in
1030 1316 1229 1370 populum
1270 1316 1394 1357 habe-

264 1395 378 1431 rent,
410 1397 534 1437 quum
562 1397 608 1425 ea
637 1396 782 1426 eventu
813 1387 1080 1439 comprobata
1114 1387 1276 1428 vidisset
1303 1384 1392 1441 (e).
1427 1413 1429 1417 ι

265 1451 394 1507 Quod
417 1452 484 1494 vel
511 1453 605 1495 satis
632 1456 849 1496 ostendunt
878 1456 1016 1497 decem
1046 1457 1222 1498 tribuum
1266 1456 1394 1498 lsrae-

261 1523 383 1572 litae‚
414 1524 464 1565 ab
492 1524 668 1578 Assyriis
693 1528 734 1566 in
763 1526 943 1568 exsilium
972 1526 1168 1575 deducti,
1197 1528 1263 1580 qui
1278 1538 1393 1581 prae-

265 1595 491 1636 sentisstmis
528 1597 746 1649 impietatis
784 1597 874 1637 suae
913 1599 1058 1650 poenis
1087 1598 1250 1647 afflicti,
1295 1609 1394 1651 quas

261 1677 372 1706 vates
401 1667 494 1720 ipsis
527 1667 807 1720 praedixerant
833 1665 948 1723 (f),
981 1668 1096 1709 multi
1119 1669 1167 1710 ad
1194 1668 1392 1724 Jehovam

1323 1751 1393 1778 ve-

305 1824 619 1872 (ea->Mur1tinghe‚
657 1828 680 1862 1.
714 1828 736 1862 1.
775 1828 870 1862 Tom.
907 1829 983 1864 VII.
1021 1838 1095 1872 pag.
1119 1829 1299 1873 254—262.
1333 1830 1393 1864 Pa-

259 1892 337 1917 rem!
354 1908 365 1922 ,
389 1885 411 1918 l.
436 1886 459 1918 1.
482 1895 556 1928 pag.
583 1896 656 1928 151.

306 1938 368 1983 (b)
398 1951 409 1974 1
434 1941 524 1983 Reg.
553 1943 677 1976 XVIII:
701 1953 739 1976 21
761 1944 845 1986 -46.

301 1994 359 2040 (c)
383 1997 601 2040 Muntinghe,
625 2000 647 2032 l.
675 2000 698 2032 1.
727 1998 768 2034 T.
796 2001 874 2033 VII.
902 2009 975 2042 pag.
999 2008 1075 2042 292.

302 2052 364 2098 (d)
390 2053 661 2090 Luculentisfime
682 2056 764 2090 villvd
781 2065 872 2099 patet
895 2067 936 2089 cx
958 2056 1054 2102 Jesaj.
1069 2057 1173 2098 Capp.
1188 2054 1390 2090 XL-XLIX.

304 2109 361 2154 (e)
386 2112 495 2146 Teste,
512 2113 607 2157 Jesaj.
637 2114 790 2148 XLvln:
819 2125 861 2148 1-
881 2125 932 2148 11.

303 2165 375 2211 (f)
411 2167 516 2200 Hosea
546 2170 587 2202 11:
619 2171 634 2202 8
654 2190 663 2195 -
687 2181 738 2204 12.
768 2172 828 2205 111:
872 2180 913 2212 3,
951 2181 984 2212 4.
1009 2171 1049 2204 V:
1078 2180 1128 2214 14.
1153 2170 1244 2205 VIII:
1270 2171 1300 2205 8.
1330 2170 1388 2203 IX:

259 2233 311 2267 ¹7·
340 2225 381 2258 X:
405 2234 424 2268 5
443 2245 455 2250 -
472 2227 502 2260 8.
525 2226 626 2259 Amos
651 2227 746 2261 VIII.
772 2228 830 2261 IX:
858 2237 870 2261 1
892 2248 904 2254 -
924 2237 976 2261 ιο.
