1519 2729
714 190 748 244 C
797 193 851 245 58
911 187 939 243 )

266 325 381 377 poris
417 329 440 365 'a
491 323 770 378 polytheismo
813 325 1014 367 interdum
1057 325 1215 367 alienos
1261 324 1383 367 fuisse

264 393 476 436 Hebraeos
499 406 613 435 antea
645 395 872 438 docuimus.
935 395 1175 452 Quocirca,
1219 406 1264 436 ut
1294 402 1383 436 om-

237 450 308 506 Nni
348 476 559 518 tempore,
602 476 642 505 et
673 467 713 506 in
755 465 844 519 ipso
874 467 994 507 etiam
1024 465 1164 506 exfilio
1201 464 1382 516 Babylo-

265 536 364 575 nico
400 546 518 587 atque
549 547 716 590 postea,
761 548 783 576 a
826 535 1104 589 polytheismo
1148 535 1382 577 recederent

268 605 396 658 magis
447 605 654 659 magisque
702 604 933 655 Israelitae,
993 606 1034 647 id
1086 605 1169 660 ipsa
1224 605 1381 660 praeci-

264 686 347 727 pue
387 675 548 726 imperii
599 673 775 716 Hebraei
830 675 1077 717 institutione
1119 688 1158 716 et
1195 677 1381 725 ratione,

266 756 360 785 cum
394 744 535 793 civili,
582 756 665 785 tum
697 746 831 795 sacra,
877 756 997 798 atque
1043 745 1128 798 ipsa
1155 745 1381 800 legislatio-

263 818 317 854 ne
358 813 544 856 Mosaica
576 815 735 856 factum
767 827 841 856 est.
903 815 1021 871 Quae
1062 816 1265 857 vindicata
1292 828 1381 856 om-

264 885 307 924 ni
367 895 550 938 tempore
606 897 647 925 et
697 885 899 927 illustrata
961 899 1081 939 atque
1135 885 1382 938 amplificata

266 966 355 995 eam
396 955 554 995 tandem
595 957 676 996 vim
723 957 895 1007 habuit,
945 968 991 997 ut
1034 957 1165 997 omnis
1208 955 1382 1008 denique

263 1036 523 1068 evanesceret
560 1025 804 1068 idololatria.

756 1166 779 1219 §
801 1166 884 1223 iv.

319 1299 604 1360 'Accesserant
645 1303 831 1360 insignia
875 1304 1112 1361 majestatis
1150 1304 1324 1347 divinae

485 1375 733 1416 documenta
763 1385 864 1417 ante
896 1374 1148 1417 Samuelem.

268 1540 273 1544 -
321 1513 593 1557 Accesserunt
632 1527 731 1555 vero
764 1515 846 1570 jam
877 1526 967 1556 ante
997 1514 1224 1556 Samuelem
1261 1516 1379 1571 infig-

264 1584 331 1625 nia
359 1585 516 1625 divinae
543 1585 754 1639 majestatis
790 1585 967 1635 indicia,
1011 1598 1112 1639 quae
1156 1585 1281 1627 edidit
1310 1585 1378 1639 Je-

263 1653 373 1695 hova·
381 1687 393 1705 ,
421 1669 512 1696 cum
536 1655 586 1695 ad
612 1655 891 1696 vindicandam
907 1654 1195 1695 institutionem
1222 1655 1378 1696 Mosai-

263 1738 353 1765 cam
396 1725 625 1775 tendentia,
647 1772 651 1782 Ἰ
671 1737 755 1765 tum
785 1738 882 1766 vero
912 1726 1112 1779 aptissima
1136 1725 1186 1766 ad
1220 1725 1377 1778 pellen-

262 1794 359 1835 dum
399 1783 731 1849 polytheismum.
816 1795 935 1851 Quae
975 1806 1163 1848 quantam
1210 1796 1292 1835 vim
1335 1796 1377 1835 in

261 1863 544 1906 Hebraeorum
598 1868 755 1907 animos
796 1865 1037 1914 habuerint,
1083 1878 1133 1906 ex
1169 1865 1377 1906 historicis

261 1934 518 1976 documentis
545 1936 665 1976 nobis
692 1935 848 1989 patebit
874 1936 1093 1977 evidenter.
1154 1925 1376 1988 Postquam

260 2005 370 2046 enim
406 2006 561 2058 Jehova
606 2005 805 2047 Israelitas
844 2019 866 2047 a
906 2006 1095 2048 servitute
1141 2006 1376 2060 Aegyptio-

261 2087 350 2116 rum
392 2075 680 2127 liberaverat„
703 2077 892 2129 suamque
935 2090 1029 2130 prae
1069 2076 1376 2130 Aegyptiorum

261 2141 359 2184 Diis
389 2147 613 2197 potentiam
643 2146 855 2186 manifeste
900 2146 1158 2195 ostenderat,
1201 2145 1373 2198 Jethro,

263 2213 377 2256 socer
405 2215 533 2258 Mofis
550 2246 561 2268 ,
583 2216 739 2258 auditis
765 2217 940 2271 egregiis
963 2215 1143 2271 jehovae
1181 2215 1374 2257 facinori-

1138 2287 1140 2290 ’
1269 2285 1369 2334 bus,
