1519 2729
607 132 647 217 ὅ
695 159 832 218 39)

151 298 352 349 ferretis,
387 300 414 341 fi
444 308 593 340 memet
623 299 709 353 ipse
736 299 786 340 ab
818 299 899 342 hoc
930 301 1159 342 communis
1202 299 1286 342 lau·

151 382 215 429 dis
245 381 454 423 consortio
483 383 643 436 penitus
674 383 890 424 excludere
914 382 1112 431 viderer:
1137 394 1179 423 et
1208 395 1289 438 ego

153 464 312 509 diffiteri
338 463 496 514 nolim,
527 476 664 505 vestro
695 477 759 506 me
783 463 976 533 exemplo
1015 466 1183 506 excitari
1213 466 1289 510 inr-v

151 546 336 601 pellique
367 558 596 600 perpetuo,
627 546 678 588 ad
704 545 1035 599 provehendam,
1081 557 1150 587 aut
1180 559 1290 588 certe

152 641 229 682 pro
285 628 441 669 viribus
483 628 670 670 tuendam
712 627 958 669 Academiae
1013 628 1202 684 gloriam.
1247 651 1294 667 ..-

151 706 270 751 Hanc
302 723 401 752 vero
429 710 685 752 voluntatum
713 724 834 766 atque
860 713 1088 753 animorum
1124 712 1294 754 consen-

152 791 304 833 fionem
346 793 388 833 id
431 796 552 836 etiam
587 776 774 844 efficere,
819 805 893 843 ut,
917 795 964 836 -fi
995 796 1086 848 quis
1131 795 1295 851 collega

153 876 340 915 meritum
370 877 587 928 quemdam
620 878 804 918 obtineat
842 862 1069 927 honorem,
1114 877 1293 932 aliquam

151 956 238 1010 eJ‘us
283 959 390 1010 quafi
435 971 592 1011 partem
616 960 737 1000 nobis
765 958 908 1013 singuli
954 960 1206 1010 tribuamus,
1251 972 1294 1002 tu

149 1051 281 1092 nuper
307 1052 566 1094 compertum
591 1042 795 1090 habuisti,
827 1042 974 1082 eximie
1005 1041 1294 1092 ScHRoDERE,

150 1134 246 1162 cum
278 1132 317 1161 te
348 1124 493 1177 regia,
526 1137 629 1178 quae
659 1123 833 1165 Hafniae
860 1133 921 1163 est
939 1155 951 1174 ,
981 1124 1162 1194 xjrorum
1196 1125 1296 1167 do'e-

151 1190 288 1245 torum
336 1204 508 1247 societas
551 1206 730 1248 sodalem
772 1204 968 1246 creasset:
1025 1214 1147 1258 quem
1192 1205 1295 1246 adeo

151 1287 350 1341 infignem
396 1288 596 1330 honorem
638 1289 708 1330 nifi
753 1298 998 1328 cunctorum
1043 1286 1296 1342 collegarum

150 1372 317 1410 nomine
352 1370 521 1424 publice
550 1370 624 1411 tibi
653 1369 902 1425 gratularer,
940 1369 1298 1417 suavisfiiniofficii

150 1453 329 1505 turpiter
356 1454 572 1493 immemor
600 1452 759 1494 sorem!

209 1533 255 1575 In
279 1536 524 1590 amicissimo
554 1535 687 1576 hocce
731 1535 914 1591 collegio
944 1537 1117 1578 invitum
1148 1538 1294 1588 inviti,

132 1613 221 1659 'etii
253 1629 337 1658 non
363 1606 673 1671 inexspectato,
721 1618 989 1660 defideramus
1018 1619 1296 1662 venerabilem

150 1699 406 1757 septuaginta
445 1714 577 1756 prope
621 1713 819 1742 annorum
865 1700 1000 1741 senem
1043 1712 1092 1754 et·
1126 1701 1297 1742 honesta

149 1785 290 1838 quiete
320 1784 567 1838 indigentem
595 1783 926 1826 RoYAARDsmM
963 1783 1148 1825 nostrum
1166 1814 1180 1834 ,
1226 1785 1297 1837 qui

124 1846 341 1907 ‘diuturna'
367 1868 554 1920 corporis
592 1867 826 1909 infirmitate
864 1867 1073 1908 cohibitus
1112 1878 1196 1907 tota
1239 1878 1296 1907 ta-

152 1959 246 1989 men
288 1955 422 1989 mente
466 1948 651 2000 praesens
688 1948 836 1989 festum
867 1949 975 1989 hunc
1007 1948 1114 1988 diem
1157 1947 1297 1988 nobis-

153 2042 249 2071 cum
277 2028 472 2070 celebrat.
531 2017 589 2070 Et
615 2043 713 2071 vero
737 2043 824 2071 rara
852 2033 928 2072 viri
956 2031 1169 2081 alacritas,
1202 2043 1299 2085 qua-

153 2113 205 2156 lis
235 2112 482 2153 senectutem
508 2113 727 2154 admodum
755 2123 950 2163 exornat,
994 2113 1047 2154 fic
1084 2126 1176 2154 eum
1215 2113 1298 2154 sus-

154 2196 324 2240 tentavit
342 2195 709 2252 corroboravitque
737 2207 969 2252 perpetuo,
1000 2196 1297 2239 utdomesticis

1234 2277 1294 2323 sui
