1519 2729
732 212 758 268 (
820 214 868 258 18
932 212 957 267 )

283 348 518 392 universale.
547 372 595 385 --
623 348 800 392 Coactio
828 353 934 393 enim
956 351 1025 393 illa
1054 349 1218 392 moralis
1248 350 1312 392 seu
1329 363 1398 392 ne-

283 421 465 470 cesfitas‚
494 433 573 474 qua
605 421 889 462 determinatur
915 421 1089 463 liberum
1115 420 1323 462 arbitrium
1357 423 1399 462 in

283 491 466 547 agendo,
498 492 538 531 in
555 491 637 544 ipsa
655 491 775 532 officii
790 493 958 532 notione
986 492 1169 532 habetur.
1201 490 1399 532 Coactio-

278 572 329 600 ne
345 561 512 614 quadam
529 560 654 601 homo
669 560 841 602 liberum
859 561 897 601 se
913 563 1176 615 pronunciat,
1205 562 1300 615 quia
1313 571 1397 600 non

280 630 330 671 ab
347 630 462 680 aliis,
495 630 561 671 sed
584 644 605 671 a
623 630 660 670 se
688 630 799 682 ipso,
826 631 959 671 audita
986 632 1152 672 rationis
1173 644 1301 680 voce,
1325 643 1398 672 co-

275 702 384 755 gitur
413 698 522 753 (03
555 700 656 740 hanc
681 700 707 741 fi
739 699 954 753 sequatur,
992 712 1075 740 non
1106 700 1398 742 consuetudine

278 770 448 822 quadam
491 770 632 809 nititur
658 769 811 818 virtus,
861 783 962 823 quae
988 770 1039 811 ad
1079 769 1196 810 instar
1223 769 1398 810 Mecha-

275 840 394 879 nismi
436 839 644 893 cujusdam
677 850 728 879 ex
753 840 1171 894 technico-practica
1207 839 1362 880 ratione
1379 868 1394 889 ‚

272 920 356 949 non
388 909 478 950 satis
508 908 664 949 firmum
694 909 907 961 praeberet
949 911 1242 952 munimentum
1277 907 1391 965 (ᾖε,

271 978 339 1020 sed
365 978 546 1028 fortiter,
568 978 739 1019 devictis
765 980 979 1022 affectibus
1007 991 1049 1022 et
1077 980 1270 1035 perversis
1297 991 1396 1033 pro-

267 1049 557 1102 pensionibus,
589 1061 690 1102 quae
715 1050 900 1103 quotidie
926 1049 1031 1091 mala
1068 1051 1232 1104 quaevis
1273 1048 1395 1090 moli·

266 1130 417 1169 untur,
447 1119 675 1161 felicissima
696 1118 766 1161 illa
794 1130 961 1173 apparet
985 1120 1172 1174 apathia,
1214 1132 1394 1173 qua‘ve-

264 1200 308 1230 ra
362 1191 537 1230 cernitur
573 1190 732 1231 virtutis
772 1190 950 1232 efficacia
994 1187 1089 1244 (3).
1163 1188 1242 1230 Est
1283 1191 1392 1231 enim

267 1259 424 1308 homo,
456 1260 526 1313 qui
555 1256 607 1300 eo
635 1262 846 1313 pervenit,
889 1259 1112 1302 simillimus
1158 1258 1259 1300 belli
1296 1259 1392 1300 duci

266 1327 455 1377 strenuo,
486 1330 556 1383 qui
584 1330 752 1370 internis
779 1330 1028 1373 factionibus
1053 1329 1220 1379 sedatis,
1249 1339 1393 1370 aucto-

262 1396 457 1450 ribusque
485 1409 618 1438 earum
648 1400 816 1452 ejectis,
849 1411 978 1441 castra
1004 1398 1071 1439 sua
1102 1398 1291 1446 obtinet,
1323 1397 1391 1439 sed

266 1465 406 1506 hostes
435 1467 539 1507 inani
567 1467 787 1521 jactatione
813 1467 864 1507 ad
892 1477 1096 1507 certamen
1122 1478 1206 1506 non
1234 1479 1390 1520 provo·

264 1548 358 1586 cat,
389 1538 429 1576 in
460 1538 547 1578 otio
574 1538 679 1577 vires
707 1537 778 1578 fibi
807 1535 998 1591 colligit,
1043 1546 1088 1577 ut
1128 1535 1289 1577 hostem
1327 1538 1390 1577 in-

261 1607 471 1647 vadentem
512 1607 713 1648 efficacius
754 1606 938 1660 repellat.
1027 1605 1170 1647 Talem
1221 1604 1388 1660 quidem

265 1675 408 1717 ducem
459 1675 665 1728 splendide
720 1678 883 1718 vincere
934 1676 1161 1719 necessario
1209 1677 1386 1727 debere,

262 1758 384 1786 nemo
429 1745 626 1786 dubitavit
663 1759 866 1799 umquam.
956 1747 1024 1788 Sic
1066 1748 1185 1787 etiam
1229 1746 1386 1798 homo,

268 1816 337 1868 qui
362 1827 444 1856 non
473 1815 646 1858 fanatice
673 1816 852 1860 versatur
867 1819 906 1858 in
925 1818 1094 1866 officiis,
1124 1828 1226 1871 quae
1241 1828 1386 1871 putat,

264 1885 475 1941 explendis
502 1916 547 1930 ....
580 1889 649 1943 qui
697 1889 801 1929 vires
842 1888 927 1930 suas
952 1900 1036 1935 non
1074 1886 1123 1928 ad
1163 1884 1385 1943 speciosam

1309 1955 1380 1997 2112

307 2126 377 2172 (Ι)
401 2129 430 2163 Κ
445 2139 496 2163 an
511 2139 523 2164 t
537 2154 548 2171 2
571 2129 654 2167 Einl.
673 2142 705 2168 z.
728 2131 873 2177 Tagendl.
900 2140 933 2176 p.
966 2139 999 2172 3.

303 2182 368 2230 (2)
394 2186 441 2221 Id.
468 2185 546 2222 ibid.
566 2199 600 2230 p.
623 2199 657 2231 9.

304 2239 369 2286 (3)
395 2241 443 2277 Id.
467 2243 546 2290 ibid,
573 2256 607 2289 p.
635 2256 678 2290 50
692 2248 736 2289 sq,

1510 946 1519 982 ἐ
