1519 2729
723 153 922 211 (6)

261 301 442 345 gerent,
467 292 587 345 *quod
616 292 693 334 tale
721 292 848 342 esset,
896 304 939 335 ut
979 293 1154 336 detracta
1185 297 1296 337 omni
1315 299 1395 338 'uti-

263 371 384 414 =litate
412 376 490 416 fine
519 374 614 418 ullis
640 376 809 429 praemii
832 375 1034 418 fructibus
1074 390 1149 431 per
1187 378 1226 419 se
1265 379 1396 433 ipsum

253 456 406 509 ..posset
431 456 594 500 laudari.

326 538 404 581 Est
444 542 566 596 igitur
602 541 757 583 homini
800 542 979 598 ingenita
1016 542 1168 585 nobilis
1203 544 1397 598 quaedam

267 621 318 663 ad
358 623 557 665 honorem
597 625 911 678 comparandum
935 628 1178 680 propenfio:
1210 629 1279 669 cui
1314 641 1399 682 quo

267 705 572 759 prudentiorem
615 708 799 764 adjungit
836 711 1031 750 comitem
1073 712 1303 760 rationem,
1332 710 1400 763 [eo

268 790 398 842 magis
426 801 588 832 naturae
616 792 706 832 suae
750 791 982 847 indolisque
1014 793 1291 846 praestantiam
1320 792 1401 833 vde-

259 870 395 912 clarat
410 902 423 922 ‚
455 885 589 927 eoque
610 874 754 916 melius
783 875 1075 930 sapientisstmo
1093 876 1238 917 Divini
1255 875 1404 918 Numi-

262 955 332 994 nis
357 955 574 1008 respondet
601 958 786 999 confilio.
856 957 1053 1014 Ejusdem
1096 971 1230 1000 autem
1270 972 1404 1001 coeco
1449 987 1452 992 -
1508 1000 1511 1011 ι

269 1037 426 1090 :impetu
466 1051 550 1092 quo
588 1042 789 1082 incautius
831 1040 1056 1095 abripitur,
1101 1040 1166 1096 [eo
1207 1043 1404 1096 majOrem

270 1120 450 1161 ostendit
475 1122 553 1163 five
577 1125 907 1176 perversitatem,
954 1125 1021 1166 seu
1065 1124 1202 1165 saltem
1237 1124 1405 1165 infirmi-

267 1210 421 1251 tatem,
454 1204 728 1258 coelestisque
757 1206 854 1246 doni
883 1207 1189 1260 pulchritudine
1221 1208 1261 1249 se
1287 1219 1405 1248 mon-

260 1282 361 1324 'strat
385 1284 672 1340 indigniorem.

327 1365 406 1407 Est
447 1380 546 1409 vero
583 1370 704 1411 etiam
749 1371 939 1412 omnibus
984 1375 1175 1415 terrarum
1216 1372 1406 1429 gentibus

269 1452 499 1492 communis
534 1451 619 1492 -ille
659 1453 829 1495 honoris
869 1455 1102 1508 appetitus,
1145 1462 1221 1497 nec‘
1272 1465 1406 1497 tamen

268 1533 434 1585 prorsus
466 1535 602 1575 fimilis
630 1536 812 1590 ubique,
856 1537 925 1578 sed
962 1536 1129 1579 infin‘it'is
1173 1538 1305 1579 modis
1345 1538 1405 1579 di-

268 1616 433 1667 versus,
464 1631 542 1671 pro
569 1619 723 1660 diversa
749 1622 931 1675 gentium
960 1621 1199 1662 conditione
1239 1621 1406 1675 ipsaque

267 1698 378 1740 coeli
409 1703 634 1753 temperie,
665 1713 788 1756 atque
821 1716 844 1743 e
872 1703 1112 1758 singularum
1147 1705 1249 1746 adeo
1287 1689 1404 1746 indo-

268 1780 308 1823 le
328 1782 547 1835 prudenter
570 1784 871 1839 dijudicandus.
933 1786 1043 1827 Fieri
1083 1789 1274 1829 nimirum
1318 1800 1401 1828 non

267 1875 429 1919 potest,
460 1877 505 1906 ut
533 1870 668 1908 omnia
696 1869 886 1910 omnibus
915 1882 1042 1923 aeque
1083 1871 1161 1912 five
1205 1871 1402 1922 honesta,

268 1946 337 1988 seu
368 1950 498 2002 turpia
524 1949 761 1992 videantur:
793 1965 840 1993 ac
867 1963 1009 1993 notum
1044 1964 1132 2003 est,
1176 1964 1402 2007 quantope-

267 2042 311 2069 re
357 2030 433 2071 hac
491 2034 530 2072 iu
574 2045 619 2074 re
666 2033 845 2076 Romani
885 2035 1091 2077 differrent
1138 2049 1161 2076 a
1199 2037 1399 2089 Graecis,

269 2115 451 2165 quamvis
478 2127 756 2170 quaecumque
785 2118 835 2159 ad
870 2118 1024 2160 cultum
1049 2121 1298 2172 pertinerent
1339 2122 1401 2161 in-

269 2197 408 2251 genii,
449 2197 499 2238 ab
527 2199 577 2239 iis
610 2199 898 2244 desumfissent.
960 2201 1156 2258 Utrisque
1185 2215 1317 2246 autem
1356 2215 1400 2245 ut

1325 2289 1398 2329 mi-
