1519 2729
634 165 856 222 (41)

308 353 579 402 PARS
648 350 1158 403 SECUNDA.

287 560 561 591 METHODI
620 559 762 602 1³OST
821 557 1166 601 JUSSIEVUM.

321 725 1176 770 —ffiffissffiffifffiffi—

627 886 650 938 ς
682 883 856 929 XXXII.

175 1015 413 1101 Omnium
444 1071 572 1099 rerum
601 1059 753 1106 initia,
785 1060 842 1098 uti
868 1058 947 1112 jam
974 1060 1013 1098 iu
1044 1059 1179 1111 priore
1207 1068 1296 1109 par-

104 1142 110 1151 ·
174 1140 213 1170 te
243 1130 359 1184 hujus
389 1129 741 1170 commentationis
772 1129 1024 1169 observatum
1056 1140 1145 1175 eSt,
1178 1126 1294 1166 valde

174 1199 434 1252 imperfecta,
465 1210 681 1251 earumque
709 1198 942 1254 progressus
968 1199 1108 1252 primis
1140 1208 1296 1248 tempo-

117 1303 120 1306 ,
174 1269 284 1310 ribus
322 1272 389 1310 vix
432 1269 632 1309 notabiles
677 1269 759 1309 esse
802 1269 944 1309 solent.
1006 1267 1112 1308 Hinc
1142 1266 1297 1318 saepius

174 1352 248 1392 per
287 1338 455 1392 aliquod
496 1351 651 1392 tempus
695 1350 966 1386 evanescunt,
1010 1350 1105 1377 mox
1144 1335 1297 1376 rursum

175 1409 405 1462 prodeunt,
453 1409 582 1450 donec
623 1422 705 1449 uno
748 1408 833 1449 fere
872 1414 1080 1448 momento
1113 1405 1163 1445 ad
1189 1417 1299 1459 mag-

174 1493 268 1520 num
311 1479 574 1533 perfectionis
612 1478 1051 1534 gradumfevehantur⁹
1098 1478 1151 1516 ita
1178 1486 1221 1516 ut
1259 1476 1300 1514 in

177 1551 289 1589 brevi
317 1550 396 1591 hoc
431 1561 614 1602 tempore
645 1550 768 1603 longe
796 1548 888 1603 plus
917 1548 1156 1602 proficiant,
1180 1557 1300 1600 quam

178 1620 219 1659 in
247 1619 374 1660 altero
401 1618 822 1668 antecedenteffilicet
851 1617 984 1658 multo?
1008 1618 1210 1673 longiore.

233 1688 344 1730 Idem
372 1691 492 1730 etiam
520 1692 559 1730 in
586 1688 755 1730 naturali
785 1688 979 1729 methodo
1006 1686 1197 1727 accidisse
1239 1686 1299 1725 vi-

178 1760 329 1800 demus,
390 1760 463 1801 Illa
504 1763 636 1809 enim,
680 1771 782 1812 quae
815 1771 888 1812 per
918 1757 998 1798 duo
1022 1767 1061 1796 et
1091 1755 1203 1808 quod
1229 1767 1298 1795 ex—

177 1832 302 1870 currit
330 1829 460 1871 secula
485 1844 507 1871 a
536 1829 792 1871 Lobelio
835 1841 961 1881 usque
996 1827 1045 1868 ad
1082 1824 1292 1880 Jussie-

175 1913 294 1940 vum
339 1901 406 1941 vix
432 1901 601 1955 exiguos
642 1900 792 1940 fecerat
822 1897 1083 1953 progressus,
1129 1908 1150 1935 a
1183 1894 1300 1949 Jus-

176 1969 200 2010 s
209 1971 220 2009 i
238 1983 337 2010 evo
364 1970 412 2010 ad
434 1981 613 2010 nostram
645 1982 771 2023 usque
795 1979 963 2008 aetatem
980 1996 994 2016 ‚
1038 1966 1166 2018 spatio
1204 1978 1301 2019 qua·

177 2040 356 2094 draginta
385 2041 497 2080 annis
536 2041 718 2089 minore,
751 2038 963 2080 methodus
993 2035 1141 2076 exstitit
1171 2035 1301 2075 omni-

177 2110 252 2151 bus
275 2110 569 2164 antiquioribus
601 2109 723 2164 longe
754 2108 899 2150 melior
920 2118 963 2150 et
984 2104 1217 2159 perfectior.

233 2179 332 2231 Vir,
376 2182 444 2234 qui
490 2191 633 2222 tantam
677 2181 750 2222 hac
795 2180 835 2219 in
865 2191 906 2219 re
944 2178 1208 2220 mutationem
1243 2187 1300 2216 at-

1240 2257 1301 2287 tu-
