1519 2729
534 160 784 219 (107)

108 305 139 344 ti
170 299 276 357 (ι),
316 312 357 342 et
394 302 420 343 fi
458 302 562 356 signa
598 300 858 342 observantur
889 301 1093 342 vermibus
1121 305 1221 354 proi

107 373 223 425 pria,
260 371 397 412 eadem
426 384 449 411 a
474 373 636 411 materia
665 370 854 424 pituitosa
891 371 1090 424 producta
1130 364 1219 411 sunt

108 441 340 489 observata,
396 452 434 480 v.
479 453 515 480 c.
567 440 853 481 celeberrimus
917 440 1221 491 Swiete‘ni7

106 524 167 552 us
205 508 284 564 (2)
324 509 475 558 refert,
519 507 661 550 Virum
708 500 776 550 CL
814 510 1004 560 mair,
1050 498 1224 551 Ρτοῐόεῑ.

107 578 452 634 Edinburgensem
487 591 654 631 puerum
681 573 875 631 quendam
904 592 985 618 non
1012 579 1127 619 aliter
1161 579 1224 618 ni-

107 648 133 688 fi
170 649 372 689 vermibus
399 647 581 688 laborare
610 648 794 697 senfisse‚
840 647 913 687 illo
956 659 1085 688 tamen
1114 659 1220 687 mor-

107 727 207 766 tuo,
238 717 339 758 nihil
368 719 539 767 horum,
573 718 638 758 sed
665 718 714 757 in*
739 719 931 757 intestino
971 717 1112 770 jejuno
1149 725 1243 756 un-'

106 789 189 828 cias
215 787 310 828 duas
336 790 521 829 materiae
557 787 808 843 glutinosae,
848 786 1021 830 viscidae
1051 787 1222 839 reperis-

106 855 168 907 se;
199 869 248 897 ne
278 858 374 910 quid
402 858 531 898 dicam
562 858 611 898 de
645 857 929 904 similitudine,
975 869 1076 909 quae
1120 858 1222 896 inter

105 921 248 968 horum
292 926 556 980 symptomata
596 939 636 968 ct
679 925 985 979 encephalitidis
1023 925 1219 966 exsndati-

105 1008 177 1036 vae
220 996 459 1047 intercedit,
515 996 765 1050 aliorumque
812 997 1047 1038 morborum
1093 996 1218 1049 pluri-

106 1078 275 1107 morum.

531 1209 556 1261 ς
588 1178 800 1274 ΙΛΧΧνΠ.
858 1189 860 1191 ’

161 1347 303 1389 Morbi
333 1348 542 1389 verminofi
573 1347 863 1400 symptomata,
912 1346 1025 1400 quod
1053 1345 1219 1400 singula-

105 1430 176 1468 re,
206 1419 326 1458 etiam
356 1419 553 1459 interdum
586 1418 792 1471 periodica
833 1416 1118 1464 observantur,
1165 1415 1217 1456 fic

105 1501 143 1528 v.
185 1501 223 1530 c.
265 1488 398 1528 versus
449 1487 715 1541 plenilunium
763 1487 1028 1540 symptomata
1088 1485 1218 1525 rursus

105 1557 185 1598 sese
215 1557 391 1609 produnt
419 1556 457 1597 T
454 1558 634 1606 neniae,
672 1570 772 1611 quae
802 1570 875 1611 per
903 1556 1078 1596 mensem
1106 1555 1217 1595 luna-

105 1639 186 1668 rem
211 1639 292 1667 non
320 1639 598 1681 apparuerant.
649 1654 653 1659 ι

161 1695 391 1752 Ascurides
442 1697 746 1738 vermiculares
774 1694 1021 1735 descendunt
1062 1695 1101 1734 in
1131 1706 1216 1735 rec-

106 1780 216 1818 tum,
248 1768 445 1821 imprimis
473 1766 607 1807 versus
635 1778 842 1818 vesperam
873 1761 968 1817 (3).

548 1842 566 1853 t

149 1903 212 1950 (ι)
236 1907 336 1941 Conf.
365 1908 406 1940 C.
433 1906 451 1939 S
467 1916 489 1948 p
505 1915 520 1938 r
536 1915 554 1939 e
569 1915 624 1947 ng
639 1905 710 1944 el,
733 1901 831 1937 Path.
853 1904 930 1937 Gen.
958 1900 1094 1936 Amstel.
1121 1903 1215 1943 1813.

104 1964 200 1998 Tom.
225 1964 250 1998 Ι.
275 1973 346 2006 pag.
378 1973 454 2006 344.

148 2018 211 2063 (α)
237 2020 336 2053 Conf.
357 2021 524 2053 Comment.
545 2018 575 2050 T
577 2027 637 2050 om.
662 2018 718 2051 IV.
743 2017 761 2060 §
788 2015 882 2056 1368.

147 2074 214 2120 (3)
233 2077 286 2109 De
301 2074 566 2118 symptomatibus
580 2074 709 2108 confer.
726 2073 757 2105 G
772 2082 822 2105 au
838 2071 859 2103 b
875 2071 883 2103 i
899 2080 919 2103 u
937 2080 969 2109 S,
997 2067 1098 2111 lmen.
1116 2070 1215 2104 Path.

103 2135 122 2177 ς
161 2135 224 2176 588
274 2141 308 2165 et
345 2134 421 2174 589.
468 2132 562 2176 vai-n
606 2132 625 2165 S
642 2131 731 2165 wie
749 2138 760 2162 t
777 2138 827 2161 en
846 2152 855 2167 ,
894 2128 915 2160 l.
949 2137 981 2160 c.
1021 2127 1117 2161 Tom.
1155 2128 1214 2161 IV.

103 2189 371 2236 Sprengel,
409 2188 431 2224 1.
463 2188 614 2224 c.T0m.
638 2188 665 2222 1.
695 2185 965 2225 schramm,
1001 2182 1213 2227 Differam.

1126 2241 1213 2275 Ru-
