1519 2729
670 202 920 259 (20)

239 343 454 387 admodum
482 342 723 397 perspicue.·
767 341 823 382 At
857 344 897 382 in
936 353 1118 384 convexa
1148 352 1260 395 parte
1283 343 1367 384 ‘five

244 415 363 455 dorso
388 413 499 455 fuere
526 400 714 460 rotundi,
745 411 903 466 glabri;
935 414 975 452 in
1005 424 1141 452 ventre
1170 425 1266 453 vero
1302 412 1371 452 de-

241 484 391 538 presfi,
422 483 584 537 tugost,
629 493 669 522 et
693 480 810 521 instar
849 480 1109 535 millepedum
1153 473 1371 522 innumeris

241 553 413 608 pedibus
438 549 621 593 donati.”
806 546 812 549 χ

298 622 439 663 Altera
465 621 692 675 observatio
720 619 819 659 haec
850 630 932 658 est:
978 647 1007 671 „
1037 618 1181 658 mulier
1208 630 1262 671 50
1303 632 1371 659 an-

238 705 383 733 norum
412 690 597 730 infestata
627 689 806 729 crebrius
832 689 978 740 partim
1011 701 1032 728 a
1058 689 1202 741 pituita
1232 701 1282 729 ex
1308 701 1373 728 ca-

238 763 324 816 pite
365 759 619 807 destillante,
663 759 808 811 partim
840 770 938 798 vero
977 758 1027 797 ab
1079 756 1374 812 indefatigabili

238 831 472 873 lumborum
510 829 719 877 cruciatu,
767 829 947 888 excrevit
984 827 1053 868 sub
1082 826 1200 867 finem
1239 826 1374 867 morbi

243 901 406 956 fingulis
430 898 571 940 diebus
597 897 662 938 vel
698 899 873 950 quium,
918 895 983 937 vel
1024 896 1139 937 senos
1174 898 1375 938 vermicu-

241 971 333 1021 10s;
367 969 508 1011 colore
532 978 577 1009 ut
601 966 720 1007 albos
737 997 749 1016 ‚
798 966 850 1008 fic
878 979 1010 1019 neque
1037 966 1166 1006 forma
1208 966 1374 1007 dissimi-

238 1040 298 1082 les
325 1039 428 1095 illis,
460 1051 564 1091 quos
592 1037 749 1091 profert
779 1033 916 1077 caseus
949 1037 1091 1087 putris.
1153 1034 1286 1076 Fuere
1317 1046 1374 1075 ta-

240 1123 332 1152 men
361 1110 442 1150 duo
471 1109 574 1149 inter
603 1107 697 1166 illlos
725 1109 778 1146 ita
807 1108 941 1161 magni
968 1116 1014 1147 ut
1041 1116 1256 1159 aequarent
1271 1088 1373 1146 'lon-

242 1181 428 1236 gitudine
452 1179 568 1232 digiti
596 1175 860 1219 articulum.''
1128 1214 1131 1216 ,
1230 1213 1232 1215 ,

299 1249 407 1290 Tum
438 1247 552 1302 quod
579 1247 629 1287 ad
664 1246 1009 1301 magnitudinem,
1054 1257 1137 1287 tum
1181 1245 1292 1299 quod
1326 1245 1376 1286 ad

243 1319 416 1361 formam
433 1349 447 1369 ‚
484 1318 536 1358 hi
587 1328 743 1357 vermes
798 1315 1102 1369 quodammodo
1158 1312 1376 1356 convenire

244 1390 432 1431 videntur
485 1401 578 1429 cum
630 1386 885 1441 Spiroptera
925 1385 1119 1426 hominis.
1191 1385 1232 1426 Si
1278 1398 1376 1426 vero

245 1461 337 1513 quis
367 1460 507 1499 icones
534 1470 555 1497 a
586 1455 805 1508 Tulpio
843 1456 995 1496 additas
1024 1456 1267 1509 inspexerit,
1313 1455 1375 1495 ili-

191 1515 195 1518 *
246 1542 300 1571 co
330 1529 480 1569 certior
508 1526 582 1566 erit
611 1524 742 1565 factus
779 1537 861 1565 non
907 1523 1053 1566 ssmiles
1092 1524 1202 1571 esse,
1244 1537 1377 1578 neque

246 1586 475 1646 dubitabit,
507 1596 604 1648 quin
634 1594 756 1635 faciat
785 1607 877 1635 cum
907 1593 1095 1634 Rudol
1114 1608 1139 1646 p
1157 1595 1253 1635 hio
1272 1587 1375 1648 (ἰ),

247 1669 456 1719 utriusque
496 1665 608 1707 casus
647 1675 804 1704 vermes
833 1662 988 1713 larvas,
1033 1665 1273 1716 posterioris
1301 1663 1376 1704 lar-

246 1750 316 1791 vas
341 1748 566 1777 muscarum
598 1734 787 1775 habente.

306 1807 371 1861 Ji’)
388 1820 405 1847 r
420 1806 444 1846 d
460 1819 480 1846 e
495 1818 520 1845 n
537 1805 579 1846 si
594 1818 617 1845 u
634 1816 651 1844 s
696 1799 775 1857 (2)
814 1813 990 1842 vermem
1019 1801 1181 1854 prorsus
1211 1802 1376 1844 similem

251 1877 312 1917 illi
371 1875 535 1917 secundi
594 1873 705 1915 casus
759 1871 1071 1924 Tulpiani‚
1132 1872 1204 1913 fibi
1241 1886 1263 1913 a
1307 1873 1377 1913 Cl.

249 1936 769 1988 Breitschneidero
797 1941 932 1983 datum
963 1940 1186 1993 describit,
1218 1954 1258 1984 et
1288 1944 1374 1984 ico-

1327 2025 1379 2054 ne

291 2113 678 2159 (1)Rud01ph.1.
707 2115 728 2149 1.
753 2114 830 2149 Vol.
859 2113 886 2148 I.
907 2125 940 2157 p.
963 2114 1037 2149 162.

295 2170 358 2216 (2)
383 2172 591 2214 Entomologie
618 2173 686 2206 und
711 2170 968 2213 Helmintlzologie
998 2172 1028 2205 d.
1057 2181 1100 2205 m.
1126 2172 1158 2205 k.
1187 2180 1246 2205 von
1278 2168 1309 2218 J.
1333 2168 1376 2203 H.

247 2227 496 2273 J6rdens‚
520 2229 561 2262 V.
582 2228 626 2263 11.
650 2227 714 2262 tab.
740 2238 776 2271 7.
801 2226 857 2270 fig.
880 2237 999 2270 9-12.
