1519 2729
517 149 771 206 (205)

91 317 122 343 ‚,
154 301 237 331 tum
264 291 447 331 actiones
477 290 563 331 suas
590 287 803 330 instituit.''
862 288 940 330 Vel
966 291 1153 345 negative
1176 292 1215 333 se

89 372 320 414 proponere
349 360 487 401 dicunt
514 360 619 400 idern
640 390 652 409 ‚
696 371 737 400 et
763 360 844 401 hoc
870 360 1032 413 quidem
1060 361 1214 413 modo:

89 459 118 484 „
147 431 348 470 neminem
377 431 533 471 ratione
566 430 789 484 praeditum
832 430 978 471 habeas
1021 443 1098 484 pro
1133 443 1218 471 me-

88 527 120 553 „
149 500 248 549 dio,
281 511 352 541 tuo
383 500 453 541 fini
481 500 546 541 vel
576 499 745 542 confilio
776 499 1059 540 inserviente.”

81 584 85 585 ⁷
146 568 391 611 Reverentia
404 569 575 612 aliorum
590 571 724 622 itaque
747 571 889 610 nititur
904 570 1002 611 haec
1020 571 1218 614 definitio.

88 667 118 691 „
146 638 351 694 Aclztung
367 641 424 680 im
441 636 726 694 Praktisclzen
757 638 914 690 Smne,
940 643 1000 682 uti
1019 643 1221 684 verissime

89 737 118 760 „
149 710 204 748 ait
235 709 260 748 S
279 723 301 749 c
320 709 398 749 hm
417 711 427 749 i
446 710 471 750 d
502 707 611 764 (1),
653 711 719 751 als
746 708 904 763 Pfliclzt
945 710 1188 754 hetraclztet
1202 743 1227 762 ‚.

89 807 118 831 ‚,
149 779 205 819 ist
229 779 320 819 eine
347 779 550 821 Maxime
576 780 652 820 der
666 777 1031 835 Einfclzrc'inkung
1046 780 1223 835 unferer

89 878 118 902 „
148 847 405 904 Neigungen
447 849 583 891 durch
628 850 695 891 die
733 849 895 891 Wiirde
921 851 998 892 cler
1027 851 1223 894 Mensch-

89 947 118 972 „
149 917 266 966 hait,
314 917 475 974 fhwolzl
532 921 577 961 in
634 917 812 973 unsa'erer
868 921 1017 976 eigner
1066 920 1225 978 Person

89 1018 119 1041 „
151 985 583 1044 (Selhstsbhc'ltzzmg,
629 989 696 1030 als
739 988 924 1043 Pfliclzt)
969 992 1036 1033 als
1072 993 1117 1033 in
1146 992 1224 1034 der

91 1089 119 1112 ,‚
149 1051 307 1114 Perfim
335 1059 450 1100 eines
480 1059 671 1101 anderen
703 1058 982 1110 (observantia
1010 1060 1099 1100 aliis
1111 1073 1226 1113 prae-

91 1157 120 1181 „
149 1126 322 1181 standa).
383 1127 571 1185 Letstere
613 1131 670 1171 ist
707 1129 753 1170 in
787 1127 866 1170 der
905 1128 1107 1172 Maxime
1133 1141 1224 1172 ent-

90 1227 120 1251 „
150 1196 328 1248 hulten,
371 1198 522 1243 keinen
569 1201 736 1243 andern
765 1196 995 1254 Menfclzen
1025 1196 1141 1254 bloss
1158 1201 1225 1242 als

91 1297 121 1321 „
150 1267 301 1310 Mittel
335 1282 390 1311 zu
425 1272 588 1312 meinen
642 1267 819 1310 Zurecke
858 1269 1226 1324 abzuwiirdigen5

91 1367 122 1391 „
151 1337 272 1380 nicht
299 1339 364 1380 'zu
405 1341 670 1396 vet-langen,
717 1338 793 1379 der
831 1339 968 1380 andr-e
997 1336 1103 1394 folle
1134 1339 1221 1395 stclz

93 1437 122 1460 „
144 1405 280 1462 felbst
321 1409 600 1465 wegwerfen,
634 1423 704 1451 um
748 1409 911 1451 meinen
952 1407 1130 1450 Zwecke
1170 1422 1226 1452 zu

94 1506 122 1528 ,‚
145 1475 382 1531 frb'hnen.'’
698 1531 706 1537 N
1211 1487 1213 1489 ’

152 1546 209 1588 Et
250 1548 350 1589 haee
388 1549 551 1602 quidem
595 1549 671 1590 rite
725 1549 922 1604 applicari
966 1549 1134 1602 possunt
1176 1549 1235 1591 ad·

97 1603 362 1671 quaecunque
389 1620 509 1660 nobis
536 1620 672 1660 obvia.
734 1619 854 1661 Unde
884 1619 1094 1675 profluunt
1121 1620 1222 1661 duae

98 1685 251 1738 species
268 1688 469 1728 divifionis
487 1719 499 1737 ‚
531 1689 654 1730 altera
662 1686 928 1744 subjectiva,
957 1703 1058 1743 quae
1073 1690 1226 1743 petitur

97 1756 147 1796 ab
171 1767 222 1796 eo
252 1758 323 1808 qui
350 1758 525 1798 officium
556 1759 751 1810 praestare
781 1772 965 1807 tenetur,
1010 1759 1135 1799 altera
1160 1759 1226 1800 oh-

30 1815 35 1818 ’
90 1825 289 1879 Ῐεσιίνα,
320 1839 422 1879 quae
444 1826 722 1879 proficiscitur
751 1843 774 1871 a
804 1831 1028 1872 diverfitate
1044 1829 1226 1880 illorum,

99 1896 247 1948 quibus
276 1895 502 1949 praestanda
532 1897 621 1939 sunt
652 1900 796 1941 officia.
855 1899 1039 1941 Priorem
1081 1900 1122 1939 in
1153 1900 1228 1941 hac

99 1965 330 2019 appendice
373 1967 567 2018 primario
606 1970 877 2019 attendimus,
920 1970 1124 2024 posterior
1160 1983 1229 2009 au-

1144 2050 1227 2080 tem

144 2123 208 2169 (1)
231 2125 398 2160 IV51·terb.
437 2137 470 2170 p.
499 2136 554 2170 30·
577 2127 680 2163 Conf.
714 2127 759 2163 id.
788 2128 820 2162 in
844 2137 930 2163 voce
958 2128 1100 2172 l-‘etfim²
1137 2138 1169 2165 n.
1197 2139 1230 2174 3.

110 2189 146 2215 et
168 2181 407 2224 I'ezfimalitt'it,
430 2193 461 2217 n.
484 2192 516 2226 3.
