1519 2729
484 145 731 224 ’(65)

61 304 332 360 Applicentur
382 307 500 347 etiam
553 308 675 358 bule,
721 319 794 359 ea,
835 321 937 363 quae
979 309 1173 356 habentur

63 376 87 430 §
119 390 185 429 42.
213 383 268 417 n⁰.
299 375 325 418 6
351 387 390 417 et
419 389 458 431 7.
492 374 587 431 (1).

373 510 399 544 ἰ
460 538 463 539 ⁷
527 515 551 568 ς
582 513 713 557 XLV,

120 650 306 695 Taeniae
333 655 528 709 originem
559 655 670 695 vario
703 656 826 697 modo
855 655 993 700 sedulo
1020 661 1181 702 investi-

63 735 218 777 garunt.
446 776 450 780 ,

126 793 188 833 10.
230 790 433 834 Taeniam
482 793 581 834 nihil
621 793 727 835 aliud
778 794 859 836 esse
903 799 1183 840 existimabant

62 860 272 909 nonnulli,
317 862 386 901 nifi
430 863 657 904 membrana
696 853 974 909 intestinornm
1001 871 1181 918 interna,

63 930 111 971 de
138 943 216 983 qua
243 944 280 971 v.
311 945 347 972 c.
375 930 771 985 Hippocrates
799 935 905 988 (2):
952 967 979 991 ‚,
1011 938 1087 979 Est
1114 952 1182 980 au-

62 1029 90 1052 „
121 1011 201 1040 tem
232 1000 316 1053 ejus
343 1000 496 1053 species
522 1002 632 1044 velut
656 1003 791 1045 album
818 1007 995 1047 intestini
1030 1021 1183 1049 ramen-

63 1098 90 1122 ‚,
121 1069 261 1118 tum,”
321 1071 369 1110 de
420 1071 565 1124 quibus
619 1072 749 1114 Docr.
796 1074 1017 1117 Coulct
1060 1079 1186 1123 dicit}

62 1169 91 1192 „
121 1140 201 1181 hoc
244 1152 304 1180 est
341 1140 613 1183 candidissime
656 1143 878 1194 profiteri‚·
911 1145 949 1185 se
981 1160 1185 1201 nunquam

62 1239 90 1262 ‚‚
121 1210 201 1250 hoc
229 1209 373 1249 animal
399 1210 573 1261 vidisse,
605 1214 673 1254 nifi
703 1212 808 1253 forte
830 1216 910 1268 jam
941 1216 1067 1272 longo
1086 1230 1186 1258 tem-

63 1309 91 1332 „
120 1292 219 1332 pore
247 1291 474 1329 mortuum,
504 1280 746 1322 fermotum
776 1286 1012 1342 emaciamni
1030 1318 1042 1337 ‚
1082 1300 1186 1328 mar-

63 1379 91 1402 „
121 1362 349 1391 cescentem
375 1362 442 1390 aut
477 1351 815 1402 consummatum,
861 1366 901 1393 et
928 1355 1187 1396 dissolutioni

64 1449 92 1470 ‚‚
122 1419 184 1459 vel
215 1419 492 1472 liquefactioni
522 1422 625 1473 quafi
656 1423 913 1473 proximu-21⁹⁹
946 1423 1040 1479 (3).
1072 1425 1184 1466 Dein

65 1490 91 1530 S
110 1489 371 1543 pigelius
401 1487 480 1543 (4)
498 1519 510 1537 ,
542 1490 650 1530 illam
678 1492 957 1533 intestinorum
989 1495 1185 1536 membra-

65 1573 154 1599 nam
181 1561 371 1598 internam
400 1554 536 1598 revera
564 1561 604 1600 in
630 1560 772 1600 animal
795 1564 1010 1615 genuinum
1041 1567 1185 1606 mutari

65 1629 178 1669 dixit.
1194 1684 1197 1688 .

124 1697 190 1739 2⁰.
221 1697 327 1745 Alii,
360 1699 462 1738 inter
484 1710 586 1751 quos
613 1697 925 1746 Valisneifius
942 1713 990 1740 ex
1005 1697 1184 1756 Ascari-

65 1764 183 1809 dibus
210 1766 563 1809 vermicularibus
589 1769 781 1820 componi
797 1798 810 1817 ,
842 1780 882 1810 et
922 1769 990 1811 has
1017 1770 1187 1825 singulas

1119 1841 1187 1882 [fi-

114 1959 176 2007 (1)
214 1963 310 1997 Conf.
346 1964 398 1997 Cl.
433 1964 501 1998 Ru
517 1962 717 2007 delphi,
753 1965 958 2001 Emozoomn
990 1963 1071 2008 Htst.
1098 1963 1185 1999 Nat.

70 2021 165 2053 Τοιῃ.
191 2020 215 2053 Ι.
243 2029 314 2062 pag.
339 2029 410 2062 371.
636 2034 640 2039 ·
1053 2038 1055 2040 ·

115 2073 177 2119 (2)
201 2076 275 2109 Lib.
304 2087 337 2119 4.
363 2077 400 2109 de
427 2077 547 2109 Bassorbis
565 2087 636 2120 pag.
653 2086 708 2121 71.

114 2130 177 2177 (3)
201 2131 276 2165 Vid.
300 2133 322 2165 1.
343 2143 373 2166 c.
400 2142 471 2175 pag.
495 2141 551 2174 51.

115 2187 178 2233 (4)
203 2190 337 2233 Operum
358 2184 503 2223 Omnium
518 2213 530 2232 ,
553 2190 648 2224 Tom.
677 2191 720 2224 11.
747 2198 819 2233 pag.
847 2198 901 2233 94.
