1519 2729
572 196 798 254 (67)

124 347 237 378 mens
282 335 411 376 nostra
447 335 650 387 versaturz,
695 337 750 382 ita
790 335 976 389 cognitio
1026 335 1233 386 veritatis,

123 405 323 447 evidentia
362 417 402 446 et
436 405 593 445 ratione
637 407 755 456 nixa,
802 405 903 445 hanc
939 404 1111 445 nostram
1137 418 1236 447 con-

127 476 322 517 ditionem
343 474 553 516 meliorem
582 476 714 516 reddit
739 487 780 516 et
810 473 1062 527 tranquillam
1079 505 1092 524 ‚
1123 476 1236 516 idco-

123 558 202 600 que
255 546 407 587 sensum
446 544 637 598 producit
687 546 807 586 nobis
846 544 960 586 valde
1003 557 1159 598 gratum
1198 558 1239 586 ct

123 616 370 666 iucundum3
402 615 534 657 sensus
563 628 694 657 autem
732 615 822 665 talis
850 616 1058 655 veritatem
1088 627 1129 654 et
1165 629 1239 656 co-

122 687 351 740 gnitionem
390 696 523 725 rerum
556 696 640 726 non
679 697 948 739 promovere,
991 686 1137 726 erroris
1165 698 1236 738 pe-

123 755 296 797 riculum
320 767 403 794 non
425 766 605 795 avertere
633 767 715 796 non
744 767 895 808 potest.
955 754 1014 796 Ita
1054 755 1235 804 accidit,

122 837 166 866 ut
208 825 402 866 cultiores
442 824 533 865 sane
574 824 759 866 homines
803 827 906 866 miro
943 825 1140 866 ducantur
1163 838 1237 866 co-

122 894 344 949 gnoscendi
377 894 537 943 studio,
585 893 664 948 (1)
688 891 739 935 ‘ut
768 894 869 935 nihil
900 895 1055 936 homini
1093 896 1237 936 iucun-

122 965 212 1005 dius
242 965 316 1014 fit‚
354 965 411 1003 rei
439 963 610 1004 alicuius
635 965 883 1004 inventione.

176 1034 394 1077 Trahimur
422 1035 528 1090 enim
558 1032 608 1073 ad
649 1033 931 1085 inquirendum
973 1045 1140 1082 verum,
1171 1045 1238 1085 et,

120 1116 204 1158 quo
245 1103 373 1158 magis
413 1104 625 1143 veritatem
667 1103 979 1157 cognoscimus,
1023 1116 1075 1144 eo
1111 1106 1238 1159 magis

120 1182 285 1226 quoque
312 1185 399 1213 eam
429 1185 636 1222 amamus3
679 1172 873 1214 trahimur
896 1172 958 1214 -ad
999 1186 1132 1214 rerum
1167 1187 1236 1215 na-

100 1254 247 1284 .turam
277 1242 538 1296 indagandam
556 1272 567 1290 ‚
598 1241 662 1282 vel
685 1243 859 1295 aliquam
889 1243 1144 1297 disciplinam
1174 1245 1237 1284 in-

119 1312 408 1366 vestigandam.
470 1310 585 1366 Quid
617 1314 723 1353 enim
765 1323 853 1360 est,
895 1313 1007 1365 quod
1050 1314 1237 1354 homines

119 1394 170 1424 ex
194 1382 329 1422 infima}
358 1380 502 1434 plebe,
533 1380 643 1422 nulla
672 1382 740 1435 spe
766 1395 898 1423 rerum
935 1383 1232 1437 gerundarum,

71 1476 75 1479 ’
117 1452 290 1507 opifices
317 1451 518 1504 denique,
542 1451 793 1493 delectentur
820 1453 1020 1494 historia?
1052 1451 1143 1492 Nec
1160 1453 1235 1493 mi-

119 1535 194 1564 nus
224 1524 252 1563 ii
282 1533 385 1563 artes
416 1520 586 1574 colunt,
631 1522 702 1575 qui
739 1522 944 1563 senectute
973 1523 1062 1564 sunt
1090 1522 1233 1564 confe-

125 1595 197 1634 cti.
225 1591 311 1647 (2)

181 1660 491 1717 Ver'umigitur
533 1654 702 1715 p'ropter
738 1661 795 1703 sui
832 1662 952 1714 ipfius
994 1663 1231 1717 dignitatem

124 1731 374 1782 expetimusz
406 1732 539 1785 magni
574 1742 711 1771 verum
742 1731 1061 1782 aestimaremus,
1109 1734 1134 1774 fi
1164 1731 1231 1773 vel

123 1799 233 1840 nulla
262 1800 412 1841 utilitas
438 1802 587 1857 vitae„
617 1801 771 1843 nullum
799 1801 1116 1844 emolumentum
1134 1832 1147 1851 ,
1179 1815 1231 1842 ex

123 1881 175 1908 co
201 1870 242 1909 in
269 1881 344 1910 nos
372 1870 638 1921 redundarem
676 1868 839 1926 falsum
866 1883 999 1912 autem
1029 1872 1124 1912 odio
1160 1871 1229 1912 ha-

125 1939 292 1988 bemus,
320 1941 477 1993 quippe
502 1941 659 1981 veritati
687 1943 943 1982 contrarium.

180 2009 373 2052 Videmus
402 2011 554 2065 igitur,
585 2010 683 2063 quid
711 2010 839 2070 valeat
877 2011 1006 2052 sensus
1036 2010 1085 2052 ad
1123 2012 1226 2052 veri-

1173 2092 1236 2122 ta-·

145 2167 229 2214 '(1)
253 2170 542 2212 Reinhard,
567 2180 590 2206 t.
613 2180 641 2206 a.
664 2181 696 2213 p.
721 2170 752 2212 §.
776 2180 832 2215 45.

166 2225 230 2272 (2)
256 2228 355 2263 Cic.
378 2228 416 2261 de
437 2229 507 2262 [³172.
531 2228 570 2262 L.
596 2228 635 2261 V.
659 2237 690 2261 c.
717 2235 768 2268 19.
796 2246 801 2251 ·

630 2285 663 2326 E
701 2299 723 2325 2
