1519 2729
725 210 761 268 ’ζ
815 213 955 268 50)

292 356 369 397 bus
387 354 571 409 agimus,
602 350 744 400 rebus,
782 362 942 400 tantus,
971 361 1016 391 ut
1032 361 1112 389 non
1127 347 1244 389 aliter
1269 346 1404 389 facere

289 426 510 479 posumus,
535 423 654 475 quin,
679 429 779 474 quae
795 420 898 461 illud
914 420 1115 474 spectant,
1138 430 1400 472 exponamus.

288 494 356 537 Ne
383 505 513 535 tamen
537 491 698 547 longius
725 502 927 532 moremur
953 501 1070 543 quam
1097 501 1169 542 par
1193 498 1252 528 est
1269 517 1284 536 ‚
1313 499 1400 528 tan-

288 564 501 605 tummodo
527 574 690 617 agemus
719 561 769 601 de
796 572 920 614 aquae
946 571 1139 612 vaporum
1167 558 1362 611 pondere.

346 632 405 674 Ut
435 633 670 672 determinet
697 630 764 671 Cl.
797 630 838 671 G
853 643 874 670 a
891 642 914 681 y
930 652 946 659 -
962 626 998 668 L
1014 641 1040 668 u
1055 627 1175 669 ssac
1203 638 1400 681 vaporum

286 701 445 755 pondus
459 732 472 750 ‚
504 702 575 742 fibi
590 712 796 752 comparat
812 698 1007 754 globulos
1021 699 1171 738 vitreos
1187 709 1331 744 caVOS‚
1359 706 1401 735 et

285 771 431 811 horum
460 769 618 823 pondus
650 769 917 818 determinatt,
948 767 1090 808 deinde
1116 766 1275 819 liquore
1303 765 1400 806 illos

283 841 414 894 replet
427 852 467 880 et
484 839 662 880 flammae
679 851 759 891 ope
777 837 956 887 claudit3
988 836 1049 877 his
1073 834 1190 876 factis
1206 863 1220 883 ‚
1251 832 1399 889 globu-

283 910 347 951 los
374 909 552 963 repletos
569 908 764 962 ponderat
779 937 793 958 ‚
824 919 868 948 ut
885 908 1019 961 primo
1035 904 1214 958 pondere
1227 903 1278 943 ab
1295 903 1396 944 hoc·

283 992 332 1020 ce
349 980 575 1026 subtracto,
606 989 831 1032 cognoscat
860 975 1003 1029 liquidi
1030 973 1190 1028 pondus
1215 971 1391 1028 globulo

281 1049 480 1090 contenti.
539 1046 599 1088 Ut
621 1046 701 1088 hoc
730 1046 928 1100 liquidum
955 1046 994 1084 in
1015 1056 1186 1097 vapores
1214 1042 1394 1097 redigat,

268 1130 321 1176 >et
353 1119 496 1158 horum
535 1128 731 1170 vaporum
773 1116 965 1156 volumen
1010 1112 1275 1162 determinet,
1317 1097 1395 1152 uti-

280 1186 346 1228 kur
386 1187 487 1228 tubo
526 1188 684 1234 vitreo,
742 1186 781 1225 in
823 1196 958 1239 partes
997 1181 1182 1236 aequales
1235 1181 1393 1230 diviso,

278 1259 395 1312 cujus
441 1268 525 1298 tota
582 1257 783 1310 capacitas
822 1266 883 1294 est
933 1247 1040 1307 ι’·.,5;
1097 1251 1203 1292 hunc
1251 1251 1394 1293 tubum
1434 1256 1438 1260 ’

277 1329 483 1368 mercurio
513 1327 646 1380 replet
672 1337 711 1365 et
740 1323 883 1366 deinde
914 1322 1077 1364 invertit
1100 1322 1140 1360 in
1170 1321 1260 1361 vase
1289 1333 1393 1361 mer·

276 1399 433 1438 curium
462 1398 580 1437 etiam
610 1397 856 1438 continente.
898 1393 942 1433 In
970 1391 1082 1433 illum
1102 1390 1242 1431 tubum
1265 1391 1392 1431 intro-

278 1468 391 1508 ducit
412 1466 605 1522 globulos
634 1464 839 1517 repletos,
872 1462 1010 1502 tubum
1031 1461 1187 1514 obtegit
1203 1459 1391 1512 cylindro

277 1538 408 1578 vitreo
426 1568 438 1587 ,
468 1537 569 1590 aqua
596 1534 755 1589 repleto
777 1563 790 1583 ‚
821 1544 862 1574 et
891 1544 1019 1573 totum
1048 1542 1281 1583 apparatum
1306 1529 1391 1571 for·

276 1607 367 1646 naci
396 1607 594 1659 imponit3
626 1618 709 1658 quo
738 1603 932 1644 calefiunt
958 1601 1179 1641 mercurius
1191 1610 1232 1640 et
1259 1612 1389 1652 aqua,

275 1663 424 1728 quibus
453 1674 683 1723 calefactis,
716 1673 850 1715 calefit
872 1673 990 1712 etiam
1017 1669 1212 1722 liquidum
1239 1668 1387 1724 globu-

273 1744 316 1787 lo
347 1756 609 1794 contentum‚
641 1744 753 1797 quod
782 1745 904 1798 igitur
933 1739 1139 1787 dilatatur,
1169 1737 1386 1792 globulum

271 1815 440 1869 frangit,
472 1827 510 1855 et
537 1816 577 1855 in
603 1826 772 1866 vapores
799 1814 897 1853 abit.
957 1808 1159 1850 Calefiunt
1185 1809 1227 1850 hi
1256 1821 1383 1862 vapo-

271 1898 334 1927 res
366 1886 495 1927 donec
524 1898 625 1937 aqua
654 1883 839 1935 cylindro
860 1891 1049 1922 contenta
1075 1877 1256 1920 ebulliat.
1308 1877 1385 1920 His

272 1957 326 1995 ita
354 1955 581 2008 dispolim,
625 1954 810 1995 observat
839 1950 1026 1992 mercurii
1052 1947 1302 1991 altitudinem
1343 1949 1385 1989 in

272 2024 400 2069 tubo,
454 2038 531 2077 qua
565 2037 759 2078 vaporum
788 2021 979 2062 volumen
1010 2018 1307 2059 determinatur.

331 2091 423 2134 Hoc
460 2095 498 2133 in
526 2095 804 2146 experimento
834 2092 1002 2132 omnino
1041 2086 1260 2128 cavendum
1290 2098 1381 2137 est,

269 2163 480 2217 neliquidi
496 2178 584 2217 pars
614 2174 840 2209 remaneat,
871 2163 911 2200 in
933 2169 1102 2211 vapores
1131 2168 1211 2196 non
1242 2155 1381 2196 redae·

270 2244 338 2281 ta;
383 2245 428 2273 ut
466 2244 598 2273 autem
641 2234 739 2273 certi
784 2231 900 2272 fimus
941 2239 1059 2268 omne
1097 2225 1292 2279 liquidum
1338 2226 1381 2265 in

269 2315 439 2359 vapores
476 2302 682 2351 redactum
715 2301 799 2343 esse
816 2330 830 2352 ‚
873 2297 1039 2354 globuli
1063 2295 1151 2340 talis
1178 2295 1381 2353 capacita-

1329 2374 1398 2406 tis„
