1519 2729
714 204 738 257 (
803 205 851 247 18
911 206 937 257 )

773 340 796 394 §
830 339 902 382 IV.

414 544 428 547 ι
471 481 725 538 δρὶνορκνα
752 453 932 523 homibis
959 477 1082 521 RUD.
1113 474 1210 531 (ι).
1244 517 1248 522 .

327 624 605 679 Spiropterae
634 623 842 663 character
868 619 1080 673 genericus
1116 627 1204 656 est:
1236 625 1400 666 ‘corpus

269 706 398 744 teres,
430 694 669 742 clavicam,
700 692 903 742 utrimque
931 696 1177 728 attenuatum
1195 714 1208 732 ,
1259 697 1306 724 os
1335 696 1400 724 or-

266 765 460 806 biculare.
521 748 639 803 Peffis
665 761 769 801 inter
794 759 874 800 alas
908 756 1056 799 caudae
1100 753 1298 809 spiraliter
1332 752 1402 794 de-

265 834 430 875 volutae
456 830 650 873 laterales
668 841 892 885 emergenS.
1340 836 1344 840 ’

324 903 579 958 Spiroptera
614 899 794 942 hominis
836 909 897 939 est
934 909 1039 938 nova
1071 895 1226 949 species
1255 893 1401 933 vermi-

263 987 358 1023 um,
403 985 522 1026 quarn
565 970 944 1024 Rudolphius
995 965 1202 1008 constituit
1245 964 1285 1002 in
1326 962 1400 1016 Sgy-

273 1041 390 1097 nopsi
428 1041 507 1082 sua.
594 1039 734 1081 Puella
777 1037 1042 1080 Londinenfis
1075 1048 1128 1086 24
1168 1046 1293 1075 annos
1331 1045 1400 1072 na-

269 1123 337 1160 ta,
403 1110 526 1152 Anno
584 1110 691 1152 1806
745 1111 881 1151 urinae
949 1107 1176 1148 retentione
1228 1093 1400 1154 corripi-

270 1193 335 1223 tur
363 1178 473 1234 (2),
520 1190 638 1220 curae
683 1178 759 1222 fuit
787 1181 877 1222 data
917 1178 1056 1219 Barn
1075 1187 1199 1215 etto
1229 1173 1400 1214 Chirur-

264 1264 350 1307 go,
396 1251 466 1303 qui
494 1249 630 1303 plures
658 1260 814 1289 vermes
853 1260 904 1288 ex
944 1247 1105 1287 urethra
1131 1242 1313 1299 egressos
1340 1243 1399 1283 vi-

263 1322 351 1372 dit;
382 1321 541 1374 aliqum
568 1320 671 1361 mifit
713 1316 1092 1370 Rudolphio‚
1133 1315 1206 1367 qui
1242 1324 1400 1366 cogno-

264 1392 323 1432 vit
360 1403 443 1432 non
484 1402 625 1431 omnes
662 1400 819 1430 vermes
850 1386 963 1435 esse,
1009 1398 1114 1439 quos
1151 1381 1397 1436 accepisset,

265 1461 334 1502 sed
374 1472 661 1502 concrementa
703 1458 979 1512 lymphatica,
1019 1466 1174 1496 vermes
1206 1453 1400 1494 mentien-

265 1533 349 1582 tia,
380 1530 569 1580 interesse
598 1540 731 1570 autem
757 1540 877 1568 veros
916 1537 1085 1566 vermes.
1159 1521 1352 1564 B'rems
1359 1534 1400 1561 e·

264 1614 358 1643 rus
383 1603 439 1641 ait
467 1600 505 1640 se
534 1599 728 1652 quosdam
748 1595 952 1650 accepisse
972 1609 994 1636 a
1023 1594 1102 1635 Ru
1119 1594 1183 1634 do
1200 1593 1213 1633 l
1231 1607 1258 1646 p
1276 1592 1399 1639 hio,

265 1682 307 1712 et
324 1672 362 1711 in
391 1671 524 1723 capite
550 1669 621 1710 suo
648 1668 697 1709 de
727 1666 952 1722 Strongyle
977 1665 1160 1719 gigante
1187 1672 1401 1716 auguratur

265 1741 316 1782 ad
356 1741 458 1782 hanc
497 1740 672 1793 speciem
713 1750 785 1778 eos
829 1739 1059 1791 pertinere,
1117 1733 1185 1775 sed
1223 1733 1400 1772 minores

218 1818 221 1820 ’
265 1823 361 1852 natu
391 1810 488 1850 esse.
560 1806 942 1862 Rudolphius
984 1817 1116 1848 autem
1153 1815 1293 1844 eorum
1327 1814 1401 1842 no-

267 1895 357 1923 vam
396 1881 572 1935 speciem
612 1879 713 1920 fecit
751 1873 831 1920 hof:
873 1876 998 1919 modo
1041 1888 1112 1916 eos
1144 1873 1399 1916 describens:

1260 1974 1289 1997 „
1319 1955 1400 1984 mas

311 2066 652 2112 (1)Rud01ph.
678 2067 701 2101 1.
730 2065 752 2099 1.
779 2064 856 2107 Syn.
883 2075 917 2107 p.
940 2071 995 2107 27.
1019 2070 1054 2096 et
1078 2069 1156 2104 250.

313 2123 377 2167 (2)
402 2126 498 2158 Casus
520 2124 701 2167 descriptus
727 2131 777 2156 est
796 2131 814 2154 a
841 2121 895 2154 W.
924 2120 953 2153 L
968 2130 985 2152 a
1000 2130 1032 2152 w
1047 2129 1062 2151 r
1079 2129 1096 2151 e
1112 2128 1131 2151 n
1147 2128 1166 2151 c
1182 2118 1191 2150 i
1206 2127 1249 2157 0,
1270 2120 1305 2150 in
1325 2114 1400 2149 Me-

268 2182 333 2216 dico
350 2181 574 2223 -C'tirmgical
599 2182 763 2214 Transact.
776 2176 916 2223 publish.
944 2177 980 2219 by
1017 2175 1072 2210 the
1103 2174 1222 2208 Medic.
1254 2172 1400 2214 Cltirmg.

270 2240 384 2283 Society
411 2239 605 2283 ofLomlon,
629 2237 705 2271 Vol.
735 2238 781 2273 ΙΙ.
803 2235 850 2269 N.
874 2243 929 2275 31.
953 2243 987 2276 p.
1016 2232 1079 2275 385
1098 2251 1110 2257 -
1126 2240 1201 2274 395.
1218 2237 1252 2265 et
1277 2229 1340 2263 tab.
1369 2230 1400 2262 8.
