1519 2729
757 185 980 240 (84)

313 332 382 363 um
406 322 447 365 in
468 321 633 376 patriam
648 333 683 364 va
709 320 823 373 Cyro
836 322 1118 364 reducerentur
1133 320 1306 364 Hebraei
1325 320 1423 375 (a).

311 389 446 443 spem*
467 401 595 431 tamen
624 389 761 430 fallere
787 391 998 434 videbatur
1039 404 1217 434 eventus.
1290 391 1425 432 Tanta-

312 461 423 501 enim
449 460 578 515 gloria
604 471 644 500 et
668 462 851 513 potentia
879 463 928 503 ad
954 462 1072 503 finem
1104 463 1256 515 „horum
1298 473 1423 502 anno-

310 541 400 570 rum
425 530 653 571 etiamnunc
683 530 951 584 conspicuum
979 544 1062 573 erat
1096 543 1265 586 regnum
1288 530 1422 582 Baby-

310 597 522 648 lonicum,
581 610 625 640 ut
656 611 776 640 nemo
818 602 1052 644 mortalium
1092 602 1177 656 ejus
1219 600 1422 641 interitum

311 667 423 708 brevi
464 668 668 717 instantem
699 668 860 712 dixisset
891 668 984 724 (b).
1072 670 1322 711 Videbantur
1347 669 1423 724 igi-

309 746 374 777 tur
415 738 603 785 vaticinia
642 737 710 778 illa
751 739 862 779 irrita
900 738 1018 788 fore,
1061 740 1102 779 in
1138 739 1284 792 quibus
1313 728 1422 792 spem

308 804 415 846 suam
446 817 611 856 omnem¹¹
633 807 846 860 posuerant
875 807 1041 861 plurimi
1071 805 1159 862 (ι’).
1218 806 1294 848 His
1325 820 1422 848 vero

307 875 379 917 nifi
407 887 578 922 eventus>
595 877 879 931 responderet,
907 877 1102 932 Jehovam
1125 889 1194 918 aut
1216 877 1421 930 promissis

305 956 389 985 non
433 944 557 996 stare,
602 958 668 991 aut
698 947 992 989 Chaldaeorum
1020 947 1114 988 Diis
1142 947 1225 987 esse
1254 946 1421 987 inferio-

304 1025 412 1062 rem,
428 1013 499 1060 fibi
525 1026 607 1061 non
636 1016 868 1069 persuadere
893 1030 974 1058 non
990 1028 1176 1070 poterant
1198 1016 1433 1062 Israelitae„

305 1081 376 1128 Sin
405 1096 502 1124 vero
533 1084 631 1125 haec
663 1099 826 1139 quoque
856 1087 1044 1127 vaticinia
1073 1087 1122 1127 de
1149 1098 1190 1141 re
1205 1096 1284 1125 tam
1309 1086 1419 1125 inex-

305 1150 483 1204 spectata
543 1165 701 1207 tamque
756 1155 1018 1209 improbabili
1080 1167 1162 1195 non
1233 1166 1415 1195 carerent

297 1232 448 1270 eventu
465 1251 478 1270 ‚
511 1223 782 1266 tum,demun1
810 1225 858 1266 de
889 1225 1078 1267 omnibus
1107 1223 1269 1276 prorsus
1295 1222 1417 1271 Diis,

300 1288 350 1331 de
379 1292 673 1343 potentisfimis*
691 1294 838 1342 etiam,
877 1293 1142 1351 palampquafi
1172 1292 1413 1347 triumphas-

299 1359 340 1401 se
368 1360 586 1401 censendus
610 1373 693 1402 erat
717 1361 887 1416 Jehova.
961 1363 1067 1405 Cum
1097 1365 1231 1417 itaque
1258 1375 1415 1416 praeter

301 1441 463 1481 omnem
491 1430 743 1480 probabilem
771 1433 1005 1485 opinionem
1031 1446 1195 1488 regnum
1233 1433 1413 1484 Babylo-

296 1499 435 1540 nicum
464 1499 597 1540 subito
620 1511 863 1543 everteretur
891 1515 913 1542 a
944 1502 1086 1554 Cyro,
1124 1502 1222 1543 haec
1266 1513 1329 1542 res
1369 1503 1411 1542 in

302 1566 571 1610 Israelitarum
597 1571 799 1612 mentibus
844 1570 924 1612 alte
959 1571 1149 1621 inhaesit,
1191 1583 1414 1624 eorumque

301 1638 457 1680 animos
491 1650 531 1678 et
575 1641 825 1682 reverentiae
868 1652 908 1681 et
954 1643 1100 1682 amoris
1144 1653 1238 1696 erga
1277 1639 1413 1681 Deum

298 1706 472 1755 senfibus
521 1708 697 1758 imbuit,
754 1709 869 1750 nullo
920 1711 1040 1752 facile
1092 1722 1276 1763 tempore
1341 1722 1413 1763 pe-

298 1778 406 1819 nitus
441 1778 706 1819 excutiendis.
793 1775 979 1833 Namque
1015 1793 1066 1823 ex
1108 1780 1409 1822 Chaldaeorum

298 1845 486 1889 servitute
513 1846 672 1890 liberati
701 1862 723 1891 a
757 1848 871 1902 Cyro
899 1848 1004 1904 (d),
1048 1851 1168 1905 idque
1197 1850 1334 1892 itidem
1362 1861 1429 1890 ex·

1341 1931 1411 1959 va-

340 2004 403 2049 (a)
439 2007 502 2051 Jes.
541 2007 660 2043 XLIV:
686 2009 760 2050 28,
802 2010 900 2045 XLV.
941 2009 1067 2057 Jerem.
1108 2009 1211 2043 XXV:
1238 2017 1304 2049 11,
1344 2016 1412 2048 12,

295 2061 494 2107 XXIXpm.

340 2116 402 2164 (b)
427 2120 474 2154 Ps.
503 2121 651 2158 CXXVI:
681 2133 713 2159 2-
745 2122 874 2158 Ezech.
902 2122 1068 2157 XXXVII:
1094 2131 1145 2156 11.

337 2172 395 2219 (c)
420 2176 501 2210 Dan.
530 2178 585 2210 IX:
614 2188 646 2212 2.
677 2177 729 2211 Ps.
753 2179 829 2213 CII:
861 2189 926 2223 14,
949 2179 1145 2214 CXXXVII:
1174 2178 1207 2213 8.

330 2229 396 2278 (d)
422 2231 510 2278 Quid
526 2232 728 2277 potissimum
756 2244 872 2280 regem
896 2236 1089 2280 impulerit,
1122 2243 1159 2270 ut
1184 2231 1318 2282 Judaeis
1348 2234 1407 2267 im-

1321 2298 1408 2332 pen·
