1519 2729
685 160 718 228 <ss
774 177 849 219 1⁸18
909 173 934 228 >

271 311 341 368 Jus
365 310 621 360 absolutum,
653 323 753 366 ergo
780 312 828 353 ad
858 315 1033 366 priorem
1052 343 1064 362 ‚
1097 311 1145 353 de
1175 309 1391 366 quamodo

273 381 382 431 dixi,
413 383 471 421 vis
498 381 746 422 adhibendae
769 384 922 424 causam
950 382 1184 433 referenda3
1217 383 1298 423 du'o
1321 394 1392 422 ve-

272 464 320 492 ro
360 461 561 503 postrema
598 451 704 504 Juris
747 452 835 493 sunt
873 453 1158 506 hypothetici,
1203 463 1302 506 ergo
1342 451 1394 492 ad

271 520 435 561 alteram
465 520 618 561 causam
648 522 862 573 pertinent.
937 521 1037 563 Duo
1065 523 1187 576 igitur
1214 521 1302 562 sunt
1327 520 1392 561 of-

271 590 459 632 ficiorum
490 590 794 644 perfectorum,
826 602 926 644 quae
950 593 1083 645 plena
1117 591 1302 633 videntur
1332 590 1391 630 di-

271 660 424 709 cenda,
469 672 642 714 genera,
688 671 789 712 quae
830 659 1146 712 proficiscuntur
1188 673 1239 700 ex
1280 648 1391 701 facto

269 728 404 778 illius,
451 731 519 782 qui
547 721 815 782 quatum-'illa
844 729 949 769 bona
967 758 980 778 ‚
1011 739 1183 781 quatuor
1222 728 1289 769 illa
1316 729 1393 769 ho-

270 797 423 837 minum
451 797 566 851 jura,
600 797 664 837 vel
693 799 936 851 originaria,
966 798 1030 840 vel
1060 799 1273 851 acquifita‚
1304 798 1393 856 vio-

270 865 352 906 lare
393 867 640 921 aggreditur.
726 866 832 921 Juris
860 879 900 909 et
942 868 1064 910 officii
1093 867 1269 922 perfecti
1304 873 1394 908 eae*

270 936 360 977 dem
390 936 477 977 sunt
506 936 658 978 causae.

325 1006 502 1060 Reliqua
544 1009 678 1047 omnia
711 1007 841 1049 officia
884 1009 971 1050 sunt
1001 1007 1267 1060 imperfecta‚
1312 1005 1393 1047 five

271 1077 401 1117 minus
426 1076 577 1129 plena„
598 1076 691 1131 Qua
713 1090 843 1118 autem
872 1091 922 1120 ex
950 1090 1047 1118 nota
1072 1076 1391 1118 certaconstet,

269 1147 350 1186 utri
393 1146 620 1186 officiorum
662 1149 798 1200 generi
826 1150 936 1189 aetio
974 1146 1108 1200 aliqua
1143 1135 1391 1187 annumerari

271 1218 515 1265 conveniat,
548 1215 686 1257 sedulo
715 1218 971 1272 investigavit
990 1218 1060 1257 ‘vir
1084 1204 1286 1265 summust,
1325 1213 1394 1256 sed

270 1287 344 1327 hac
373 1286 421 1326 de
452 1299 493 1325 re
510 1284 611 1325 infra
627 1282 746 1326 nobis
763 1287 975 1327 dicendum
993 1299 1066 1326 est.
1127 1286 1233 1327 Illud
1259 1297 1393 1326 tamen

268 1354 580 1395 animadvertere
629 1354 775 1405 liceat,
830 1356 1087 1398 Pesteliu
1105 1370 1144 1397 m
1197 1357 1391 1411 quodam-

270 1423 395 1465 modo
450 1423 640 1476 probasse
700 1437 791 1465 cum
847 1426 1253 1475 Pufendorfii,
1305 1437 1391 1466 tum

270 1494 501 1548 praesertim
532 1493 568 1533 T
586 1494 611 1533 h
629 1507 654 1533 o
671 1506 707 1533 m
723 1507 743 1534 a
757 1495 829 1546 sii
873 1496 1096 1536 doctrinam
1114 1526 1126 1544 ,
1169 1495 1297 1549 ipsum
1334 1506 1390 1535 ta-

270 1575 363 1604 men
394 1563 687 1617 philosophum
715 1575 853 1605 notam
871 1594 883 1613 ,
915 1578 994 1618 qua
1018 1565 1048 1606 P
1065 1579 1090 1605 ιι
1105 1565 1157 1605 fe
1173 1575 1197 1604 n
1216 1565 1240 1606 d
1255 1578 1280 1606 0
1294 1564 1390 1623 ryfi-

270 1646 328 1674 us
365 1633 545 1686 perfecta
584 1633 634 1673 ab
678 1635 928 1687 imperfectis
973 1632 1114 1675 officiis
1143 1634 1391 1690 distinguat,
1439 1640 1442 1643 '

269 1704 496 1757 proximam
524 1714 564 1743 et
593 1703 847 1745 sufficientem
875 1717 956 1745 non
986 1704 1184 1744 habuisse.

327 1771 457 1813 Porro
483 1775 707 1814 accuratius
744 1775 967 1816 officiorum
1000 1773 1098 1813 fines
1139 1772 1392 1814 constituisse

271 1841 428 1882 videtur
471 1841 501 1882 P
518 1856 539 1882 e
557 1857 573 1882 s
589 1843 663 1884 t-el
679 1845 690 1883 i
705 1858 730 1885 ιι
747 1857 763 1883 s
780 1875 791 1892 ‚
840 1858 959 1898 quam
997 1854 1086 1884 ante
1128 1855 1219 1884 eum
1246 1857 1268 1884 a
1288 1843 1328 1902 *P
1346 1857 1391 1884 ιι-

272 1912 365 1953 fen
381 1913 536 1954 dorfi
555 1926 580 1954 o
608 1913 759 1955 factum
784 1914 941 1962 fuerat,
987 1913 1204 1966 pluresque
1233 1913 1392 1954 officio-

272 1995 359 2022 rum
386 1983 662 2035 perfectorum
691 1985 823 2025 causas
849 1985 1033 2038 aperuit,
1062 1995 1191 2036 neque
1233 1995 1298 2023 eas
1323 1996 1390 2024 na-

274 2052 421 2092 turales
477 2064 627 2094 tantum
678 2065 771 2095 cum
808 2053 1113 2095 Thomasio
1153 2052 1386 2107 agnovisse,

274 2119 343 2160 sed
368 2133 431 2160 eas
462 2124 690 2174 praesertim
720 2137 821 2177 quac
851 2133 900 2166 e'x
929 2123 1149 2170 laedentis,
1194 2134 1234 2162 et
1263 2122 1390 2162 socie-

274 2192 365 2232 tatis
395 2191 586 2233 humanae
614 2196 789 2246 quietem
821 2194 1019 2235 turbanti-s
1047 2193 1157 2234 facto
1193 2193 1389 2232 oriunturg

1315 2262 1389 2304 Per
