1519 2729
547 141 769 205 (9)

102 283 199 324 mihi
249 281 324 324 fuit
367 295 416 325 ex
455 283 567 324 hisce
591 281 885 334 ·systematibus
929 291 976 320 ea
1011 278 1206 334 seligere,

101 366 201 406 quae
218 360 402 406 tanquam
421 352 613 393 naturalia
628 351 873 393 recenserem
890 381 903 399 ‚
935 362 1048 398 cum,
1065 350 1114 389 ab
1131 349 1208 389 una

98 435 233 476 parte,
260 423 465 464 brevitatis
492 434 592 477 ergo
617 432 699 461 non
725 422 858 462 omnia
873 431 1101 460 enumerare
1115 432 1210 472 pos—

100 492 209 543 sem;
241 493 289 533 ab
319 492 441 533 altera
469 504 564 532 vero
594 503 734 545 parte‚
763 491 923 545 humani
951 491 1211 544 ingeniipro-

98 563 281 617 gressus,
328 564 367 602 in
408 562 612 603 nonnullis
638 562 781 602 horum
819 560 1051 607 ducentes,
1093 571 1211 614 prae-

97 634 247 675 teriisse
272 632 383 674 nefas
413 631 564 673 fuisset.
625 631 838 684 Exponam
868 631 1002 682 itaque
1023 629 1211 680 systema-

98 713 136 742 ta
156 702 304 758 stricte
333 703 591 750 naturalia,
622 701 894 754 nonnullaque
924 700 1086 747 mixta,
1109 711 1211 752 quae

95 774 265 826 propius
283 772 340 813 rad
364 771 583 813 naturalem
609 771 844 823 methodum
871 770 1082 812 accedunt.

587 898 613 951 §
642 897 716 939 vt.

151 1025 259 1066 Inter
288 1027 533 1079 antiquiores
557 1024 593 1067 T
609 1025 634 1066 h
648 1038 671 1065 e
688 1039 713 1066 o
729 1039 755 1079 p
773 1026 798 1066 h
815 1039 834 1066 1·
847 1039 869 1067 a
886 1038 902 1065 s
919 1035 934 1065 t
949 1037 975 1066 u
991 1038 1008 1065 s
1049 1022 1130 1079 jam
1168 1035 1210 1066 et

94 1094 204 1137 Dio
220 1097 270 1137 sc
289 1109 314 1136 o
330 1097 483 1137 rides
520 1095 598 1151 (Ι)
615 1127 628 1146 ,
660 1109 900 1152 quamquam
925 1096 1123 1136 naturales
1151 1094 1209 1135 fa-

95 1165 222 1206 milias
262 1178 344 1207 non
389 1167 699 1217 condiderunt‚·
727 1178 858 1208 tamen
890 1167 1106 1208 seeundum
1138 1164 1210 1206 ali-

94 1247 214 1288 quam
241 1248 422 1277 normam
455 1249 577 1293 opera
606 1239 672 1279 sua
698 1238 747 1279 de
770 1236 917 1290 plantis
953 1235 1207 1291 scripserunt.

93 1307 154 1349 Ita
181 1318 293 1360 pater
323 1306 532 1347 botanices
559 1306 596 1347 T
611 1308 635 1348 h
649 1320 671 1347 e
686 1320 712 1348 o
728 1322 755 1362 p
772 1308 797 1348 h
814 1321 832 1347 r
846 1322 868 1349 a
884 1321 900 1348 s
917 1319 932 1348 t
947 1320 973 1349 u
988 1320 1004 1348 s
1020 1304 1112 1364 (2)
1152 1306 1209 1347 se-

96 1378 264 1432 paratim
295 1378 378 1431 agit
405 1376 455 1417 de
483 1376 722 1426 arboribus,
760 1377 1001 1425 fruticibus,
1043 1375 1209 1417 cereali·

95 1448 170 1488 bus
194 1459 272 1488 etc.
331 1446 441 1486 Inter
466 1447 711 1487 recentiores
748 1446 789 1488 D
806 1461 831 1488 o
846 1448 871 1489 d
885 1461 947 1489 on
962 1460 983 1488 e
999 1461 1024 1488 u
1042 1461 1059 1487 s
1100 1443 1180 1501 (3)
1194 1476 1209 1494 ‚

94 1518 211 1560 fimili
241 1519 396 1559 ratione
422 1517 577 1571 plantas
605 1516 821 1558 secundum
849 1520 973 1559 varias
1010 1528 1148 1566 notas,
1187 1529 1212 1556 e

95 1588 370 1642 magnitudine
387 1619 399 1638 ,
446 1587 618 1631 utilitate
654 1587 787 1629 aliove
835 1588 1065 1630 charactere
1106 1589 1211 1640 peti-

101 1667 188 1704 tas,
233 1647 459 1712 distinguit.
521 1657 600 1698 Sed
637 1661 818 1700 omnium
855 1660 1006 1712 primus
1037 1655 1212 1698 Lobe-

96 1726 182 1767 liu
199 1740 215 1766 s
244 1723 352 1779 (4),
395 1726 550 1781 aliquot
576 1728 744 1770 familias
771 1729 968 1770 naturales
998 1728 1133 1782 posuit
1171 1738 1212 1767 et

98 1794 238 1837 omnes
261 1796 415 1850 plantas
443 1790 482 1837 in
512 1811 538 1852 7
566 1798 709 1839 classes
735 1799 940 1840 distinxit:

1097 1879 1106 1889 .
1132 1855 1215 1887 Gra-

143 1894 207 1940 (1)
231 1897 457 1941 Descriptiones
474 1899 686 1938 Plantas-um,
710 1900 861 1935 Francos.
893 1900 990 1944 1614„
1078 1866 1090 1889 Ι

142 1951 206 1997 (2)
231 1954 376 1989 Historia
398 1957 602 1991 Plantarum.
651 1957 836 1990 permultae
870 1957 964 1999 hujus
994 1956 1067 1990 libri
1089 1956 1214 1989 exstant

62 2051 65 2054 Δ
99 2010 261 2044 editiones
292 2021 428 2053 quarum
466 2012 609 2055 inprimis
635 2013 793 2046 notandae
820 2015 915 2054 illae,
965 2012 1099 2049 Tarvifii
1131 2015 1213 2057 1483

99 2075 133 2100 et
153 2066 251 2100 Amst.
276 2069 369 2111 1644

143 2124 206 2170 (3)
231 2127 386 2170 Stirpium
409 2126 586 2170 pempsades
602 2128 624 2162 6
644 2125 701 2168 seu
724 2129 779 2162 lib.
805 2138 847 2169 30
861 2152 871 2167 ‚
896 2128 996 2162 Antv.
1027 2129 1123 2170 1644.

145 2179 207 2224 (4)
231 2180 450 2224 Adversaria,
486 2181 712 2226 ohservationes
737 2192 769 2218 et
799 2185 1023 2219 illustrationes
1040 2183 1217 2229 stirpium,

102 2237 199 2272 Antv.
226 2239 319 2274 1681.
