<?xml version="1.0" encoding="UTF-8"?>
<!DOCTYPE html PUBLIC "-//W3C//DTD XHTML 1.0 Transitional//EN"
    "http://www.w3.org/TR/xhtml1/DTD/xhtml1-transitional.dtd">
<html xmlns="http://www.w3.org/1999/xhtml" xml:lang="en" lang="en">
 <head>
  <title>
</title>
<meta http-equiv="Content-Type" content="text/html;charset=utf-8" />
  <meta name='ocr-system' content='tesseract 3.04.00' />
  <meta name='ocr-capabilities' content='ocr_page ocr_carea ocr_par ocr_line ocrx_word'/>
</head>
<body>
  <div class='ocr_page' id='page_1' title='image "annalesacademiae22acad_0090.png"; bbox 0 0 1519 2729; ppageno 0'>
   <div class='ocr_carea' id='block_1_1' title="bbox 691 164 929 254">
    <p class='ocr_par' dir='ltr' id='par_1_1' title="bbox 691 164 929 254">
     <span class='ocr_line' id='line_1_1' title="bbox 691 164 929 254; baseline 0.004 -34"><span class='ocrx_word' id='word_1_1' title='bbox 691 164 829 220; x_wconf 84' lang='lat'><strong>(48</strong></span> <span class='ocrx_word' id='word_1_2' title='bbox 889 166 929 254; x_wconf 9' lang='lat' dir='ltr'><strong>&gt;b</strong></span> 
     </span>
    </p>
   </div>
   <div class='ocr_carea' id='block_1_2' title="bbox 184 301 1364 1102">
    <p class='ocr_par' dir='ltr' id='par_1_2' title="bbox 184 301 1364 1102">
     <span class='ocr_line' id='line_1_2' title="bbox 292 301 1362 358; baseline -0.002 -12"><span class='ocrx_word' id='word_1_3' title='bbox 292 301 493 358; x_wconf 81' lang='lat' dir='ltr'><strong>Prospera</strong></span> <span class='ocrx_word' id='word_1_4' title='bbox 530 301 600 344; x_wconf 80' lang='lat' dir='ltr'><strong>illa</strong></span> <span class='ocrx_word' id='word_1_5' title='bbox 635 301 879 345; x_wconf 84' lang='lat' dir='ltr'><strong>Academiae</strong></span> <span class='ocrx_word' id='word_1_6' title='bbox 921 313 1110 352; x_wconf 83' lang='lat' dir='ltr'><strong>nostrae,</strong></span> <span class='ocrx_word' id='word_1_7' title='bbox 1157 301 1362 357; x_wconf 84' lang='lat' dir='ltr'><strong>quondam</strong></span> 
     </span>
     <span class='ocr_line' id='line_1_3' title="bbox 232 377 1364 441; baseline 0.001 -14"><span class='ocrx_word' id='word_1_8' title='bbox 232 397 392 440; x_wconf 84' lang='lat' dir='ltr'><strong>praeter</strong></span> <span class='ocrx_word' id='word_1_9' title='bbox 434 377 539 427; x_wconf 82' lang='lat' dir='ltr'><strong>suam</strong></span> <span class='ocrx_word' id='word_1_10' title='bbox 580 384 742 441; x_wconf 85' lang='lat' dir='ltr'><strong>culpam</strong></span> <span class='ocrx_word' id='word_1_11' title='bbox 784 386 989 428; x_wconf 85' lang='lat' dir='ltr'><strong>humiliter</strong></span> <span class='ocrx_word' id='word_1_12' title='bbox 1018 384 1253 439; x_wconf 86' lang='lat' dir='ltr'><strong>depressae,</strong></span> <span class='ocrx_word' id='word_1_13' title='bbox 1297 384 1364 428; x_wconf 84' lang='lat' dir='ltr'><strong>sed.</strong></span> 
     </span>
     <span class='ocr_line' id='line_1_4' title="bbox 231 466 1363 520; baseline -0.002 -11"><span class='ocrx_word' id='word_1_14' title='bbox 231 469 364 510; x_wconf 89' lang='lat' dir='ltr'><strong>nobili</strong></span> <span class='ocrx_word' id='word_1_15' title='bbox 393 481 434 510; x_wconf 91' lang='lat' dir='ltr'><strong>et</strong></span> <span class='ocrx_word' id='word_1_16' title='bbox 455 469 698 510; x_wconf 82' lang='lat' dir='ltr'><strong>Curatorum</strong></span> <span class='ocrx_word' id='word_1_17' title='bbox 717 501 729 520; x_wconf 84' lang='lat'>‚</span> <span class='ocrx_word' id='word_1_18' title='bbox 761 481 802 510; x_wconf 88' lang='lat' dir='ltr'><strong>et</strong></span> <span class='ocrx_word' id='word_1_19' title='bbox 825 468 1102 510; x_wconf 85' lang='lat' dir='ltr'><strong>Professorum</strong></span> <span class='ocrx_word' id='word_1_20' title='bbox 1119 498 1132 517; x_wconf 88' lang='lat'><strong>,</strong></span> <span class='ocrx_word' id='word_1_21' title='bbox 1164 479 1204 507; x_wconf 90' lang='lat' dir='ltr'><strong>et</strong></span> <span class='ocrx_word' id='word_1_22' title='bbox 1221 466 1363 508; x_wconf 88' lang='lat' dir='ltr'><strong>Disci-</strong></span> 
     </span>
     <span class='ocr_line' id='line_1_5' title="bbox 230 550 1362 606; baseline 0 -14"><span class='ocrx_word' id='word_1_23' title='bbox 230 550 421 606; x_wconf 86' lang='lat' dir='ltr'><strong>pulorum</strong></span> <span class='ocrx_word' id='word_1_24' title='bbox 452 552 752 605; x_wconf 84' lang='lat' dir='ltr'>conspiratione</span> <span class='ocrx_word' id='word_1_25' title='bbox 780 551 1056 605; x_wconf 84' lang='lat' dir='ltr'>consensuque</span> <span class='ocrx_word' id='word_1_26' title='bbox 1082 560 1204 603; x_wconf 85' lang='lat' dir='ltr'><strong>caput</strong></span> <span class='ocrx_word' id='word_1_27' title='bbox 1233 550 1362 603; x_wconf 81' lang='lat' dir='ltr'><strong>magis</strong></span> 
     </span>
     <span class='ocr_line' id='line_1_6' title="bbox 229 633 1361 690; baseline -0.003 -16"><span class='ocrx_word' id='word_1_28' title='bbox 229 633 385 686; x_wconf 63' lang='lat' dir='ltr'><strong>indies</strong></span> <span class='ocrx_word' id='word_1_29' title='bbox 415 648 506 676; x_wconf 88' lang='lat' dir='ltr'><strong>cum</strong></span> <span class='ocrx_word' id='word_1_30' title='bbox 536 633 667 690; x_wconf 79' lang='lat' dir='ltr'><strong>gloria</strong></span> <span class='ocrx_word' id='word_1_31' title='bbox 696 634 927 685; x_wconf 79' lang='lat' dir='ltr'><strong>efferentis,</strong></span> <span class='ocrx_word' id='word_1_32' title='bbox 975 633 1161 675; x_wconf 88' lang='lat' dir='ltr'><strong>conditio</strong></span> <span class='ocrx_word' id='word_1_33' title='bbox 1190 643 1361 685; x_wconf 82' lang='lat' dir='ltr'><strong>quanto-</strong></span> 
     </span>
     <span class='ocr_line' id='line_1_7' title="bbox 227 698 1360 770; baseline -0.003 -14"><span class='ocrx_word' id='word_1_34' title='bbox 227 728 326 769; x_wconf 86' lang='lat' dir='ltr'>pere</span> <span class='ocrx_word' id='word_1_35' title='bbox 354 716 552 770; x_wconf 81' lang='lat' dir='ltr'><strong>placuerit</strong></span> <span class='ocrx_word' id='word_1_36' title='bbox 583 698 903 770; x_wconf 79' lang='lat' dir='ltr'><strong>optimoREGl,</strong></span> <span class='ocrx_word' id='word_1_37' title='bbox 937 717 1002 757; x_wconf 88' lang='lat' dir='ltr'><strong>cui</strong></span> <span class='ocrx_word' id='word_1_38' title='bbox 1033 728 1120 756; x_wconf 78' lang='lat' dir='ltr'><strong>eam</strong></span> <span class='ocrx_word' id='word_1_39' title='bbox 1146 725 1187 755; x_wconf 86' lang='lat' dir='ltr'><strong>et</strong></span> <span class='ocrx_word' id='word_1_40' title='bbox 1218 713 1360 754; x_wconf 82' lang='lat' dir='ltr'><strong>instau-</strong></span> 
     </span>
     <span class='ocr_line' id='line_1_8' title="bbox 227 796 1360 849; baseline -0.002 -10"><span class='ocrx_word' id='word_1_41' title='bbox 227 809 352 839; x_wconf 85' lang='lat' dir='ltr'>ratam</span> <span class='ocrx_word' id='word_1_42' title='bbox 377 810 418 839; x_wconf 87' lang='lat' dir='ltr'><strong>et</strong></span> <span class='ocrx_word' id='word_1_43' title='bbox 443 799 686 840; x_wconf 80' lang='lat' dir='ltr'><strong>vindicatam</strong></span> <span class='ocrx_word' id='word_1_44' title='bbox 717 799 938 849; x_wconf 84' lang='lat' dir='ltr'><strong>debemus,</strong></span> <span class='ocrx_word' id='word_1_45' title='bbox 970 797 1054 849; x_wconf 83' lang='lat' dir='ltr'><strong>ipse</strong></span> <span class='ocrx_word' id='word_1_46' title='bbox 1085 796 1191 838; x_wconf 82' lang='lat' dir='ltr'><strong>haud</strong></span> <span class='ocrx_word' id='word_1_47' title='bbox 1213 796 1360 837; x_wconf 84' lang='lat' dir='ltr'><strong>obscu-</strong></span> 
     </span>
     <span class='ocr_line' id='line_1_9' title="bbox 226 878 1360 936; baseline -0.003 -14"><span class='ocrx_word' id='word_1_48' title='bbox 226 894 269 922; x_wconf 88' lang='lat' dir='ltr'><strong>re</strong></span> <span class='ocrx_word' id='word_1_49' title='bbox 299 881 565 936; x_wconf 83' lang='lat' dir='ltr'><strong>fignificavit‚</strong></span> <span class='ocrx_word' id='word_1_50' title='bbox 612 895 704 923; x_wconf 89' lang='lat' dir='ltr'><strong>cum</strong></span> <span class='ocrx_word' id='word_1_51' title='bbox 733 882 773 921; x_wconf 92' lang='lat' dir='ltr'><strong>in</strong></span> <span class='ocrx_word' id='word_1_52' title='bbox 803 881 921 936; x_wconf 85' lang='lat' dir='ltr'><strong>hujus</strong></span> <span class='ocrx_word' id='word_1_53' title='bbox 949 880 1060 922; x_wconf 90' lang='lat' dir='ltr'><strong>urbis</strong></span> <span class='ocrx_word' id='word_1_54' title='bbox 1103 880 1252 921; x_wconf 87' lang='lat' dir='ltr'><strong>vicinia</strong></span> <span class='ocrx_word' id='word_1_55' title='bbox 1289 878 1360 919; x_wconf 82' lang='lat' dir='ltr'><strong>Se·</strong></span> 
     </span>
     <span class='ocr_line' id='line_1_10' title="bbox 225 963 1359 1019; baseline -0.004 -15"><span class='ocrx_word' id='word_1_56' title='bbox 225 975 341 1005; x_wconf 85' lang='lat' dir='ltr'><strong>natus</strong></span> <span class='ocrx_word' id='word_1_57' title='bbox 368 964 605 1005; x_wconf 82' lang='lat' dir='ltr'>Academici</span> <span class='ocrx_word' id='word_1_58' title='bbox 635 963 791 1019; x_wconf 79' lang='lat' dir='ltr'><strong>legatos</strong></span> <span class='ocrx_word' id='word_1_59' title='bbox 821 965 1013 1018; x_wconf 82' lang='lat' dir='ltr'><strong>proximo</strong></span> <span class='ocrx_word' id='word_1_60' title='bbox 1051 974 1246 1004; x_wconf 81' lang='lat' dir='ltr'><strong>autumno</strong></span> <span class='ocrx_word' id='word_1_61' title='bbox 1290 971 1359 1001; x_wconf 83' lang='lat' dir='ltr'><strong>ex-</strong></span> 
     </span>
     <span class='ocr_line' id='line_1_11' title="bbox 184 1043 1357 1102; baseline -0.003 -15"><span class='ocrx_word' id='word_1_62' title='bbox 184 1043 186 1045; x_wconf 71' lang='grc'><strong>’</strong></span> <span class='ocrx_word' id='word_1_63' title='bbox 224 1048 395 1100; x_wconf 84' lang='lat' dir='ltr'><strong>ciperet.</strong></span> <span class='ocrx_word' id='word_1_64' title='bbox 455 1046 541 1102; x_wconf 87' lang='lat' dir='ltr'><strong>Qui</strong></span> <span class='ocrx_word' id='word_1_65' title='bbox 568 1049 857 1100; x_wconf 85' lang='lat' dir='ltr'><strong>nimirum·pro</strong></span> <span class='ocrx_word' id='word_1_66' title='bbox 886 1047 1028 1101; x_wconf 70' lang='lat' dir='ltr'><strong>insigni</strong></span> <span class='ocrx_word' id='word_1_67' title='bbox 1074 1045 1140 1087; x_wconf 82' lang='lat' dir='ltr'><strong>sua</strong></span> <span class='ocrx_word' id='word_1_68' title='bbox 1180 1046 1357 1085; x_wconf 83' lang='lat' dir='ltr'><strong>benevo-</strong></span> 
     </span>
    </p>
   </div>
   <div class='ocr_carea' id='block_1_3' title="bbox 222 1127 1408 1180">
    <p class='ocr_par' dir='ltr' id='par_1_3' title="bbox 222 1127 1408 1180">
     <span class='ocr_line' id='line_1_12' title="bbox 222 1127 1408 1180; baseline 0 -12"><span class='ocrx_word' id='word_1_69' title='bbox 222 1128 347 1170; x_wconf 84' lang='lat' dir='ltr'><strong>lentia</strong></span> <span class='ocrx_word' id='word_1_70' title='bbox 387 1130 616 1170; x_wconf 85' lang='lat' dir='ltr'><strong>commodis</strong></span> <span class='ocrx_word' id='word_1_71' title='bbox 659 1128 865 1170; x_wconf 88' lang='lat' dir='ltr'><strong>consuluit</strong></span> <span class='ocrx_word' id='word_1_72' title='bbox 906 1127 1225 1178; x_wconf 83' lang='lat' dir='ltr'><strong>studiosorum,&#39;</strong></span> <span class='ocrx_word' id='word_1_73' title='bbox 1252 1140 1358 1180; x_wconf 83' lang='lat' dir='ltr'><strong>quos</strong></span> <span class='ocrx_word' id='word_1_74' title='bbox 1403 1148 1408 1153; x_wconf 92' lang='lat'>·</span> 
     </span>
    </p>
   </div>
   <div class='ocr_carea' id='block_1_4' title="bbox 212 1209 1358 2091">
    <p class='ocr_par' dir='ltr' id='par_1_4' title="bbox 212 1209 1358 1998">
     <span class='ocr_line' id='line_1_13' title="bbox 222 1209 1358 1264; baseline -0.002 -12"><span class='ocrx_word' id='word_1_75' title='bbox 222 1211 274 1252; x_wconf 80' lang='lat' dir='ltr'><strong>ad</strong></span> <span class='ocrx_word' id='word_1_76' title='bbox 301 1211 568 1252; x_wconf 80' lang='lat' dir='ltr'><strong>obtinendum</strong></span> <span class='ocrx_word' id='word_1_77' title='bbox 599 1210 768 1263; x_wconf 83' lang='lat' dir='ltr'>aliquod</span> <span class='ocrx_word' id='word_1_78' title='bbox 795 1211 1019 1264; x_wconf 82' lang='lat' dir='ltr'><strong>praemium</strong></span> <span class='ocrx_word' id='word_1_79' title='bbox 1062 1209 1358 1255; x_wconf 80' lang='lat' dir='ltr'><strong>Academicum</strong></span> 
     </span>
     <span class='ocr_line' id='line_1_14' title="bbox 219 1292 1356 1349; baseline -0.001 -15"><span class='ocrx_word' id='word_1_80' title='bbox 219 1295 373 1334; x_wconf 83' lang='lat' dir='ltr'><strong>itineris</strong></span> <span class='ocrx_word' id='word_1_81' title='bbox 399 1294 607 1349; x_wconf 72' lang='lat' dir='ltr'><strong>cujusdam</strong></span> <span class='ocrx_word' id='word_1_82' title='bbox 635 1292 833 1347; x_wconf 85' lang='lat' dir='ltr'><strong>impensas</strong></span> <span class='ocrx_word' id='word_1_83' title='bbox 856 1292 990 1334; x_wconf 82' lang='lat' dir='ltr'><strong>facere</strong></span> <span class='ocrx_word' id='word_1_84' title='bbox 1019 1304 1261 1346; x_wconf 61' lang='lat' dir='ltr'><strong>oporteren,</strong></span> <span class='ocrx_word' id='word_1_85' title='bbox 1285 1294 1356 1346; x_wconf 81' lang='lat' dir='ltr'><strong>qui</strong></span> 
     </span>
     <span class='ocr_line' id='line_1_15' title="bbox 220 1375 1354 1432; baseline -0.002 -15"><span class='ocrx_word' id='word_1_86' title='bbox 220 1377 454 1432; x_wconf 77' lang='lat' dir='ltr'>theologiae</span> <span class='ocrx_word' id='word_1_87' title='bbox 507 1376 702 1417; x_wconf 84' lang='lat' dir='ltr'><strong>studiosos</strong></span> <span class='ocrx_word' id='word_1_88' title='bbox 757 1376 807 1416; x_wconf 80' lang='lat' dir='ltr'><strong>ab</strong></span> <span class='ocrx_word' id='word_1_89' title='bbox 854 1376 944 1429; x_wconf 91' lang='lat' dir='ltr'><strong>ipso</strong></span> <span class='ocrx_word' id='word_1_90' title='bbox 987 1375 1153 1416; x_wconf 83' lang='lat' dir='ltr'><strong>militiae</strong></span> <span class='ocrx_word' id='word_1_91' title='bbox 1191 1376 1354 1418; x_wconf 85' lang='lat' dir='ltr'><strong>nornine</strong></span> 
     </span>
     <span class='ocr_line' id='line_1_16' title="bbox 216 1458 1354 1514; baseline -0.003 -13"><span class='ocrx_word' id='word_1_92' title='bbox 216 1460 380 1514; x_wconf 85' lang='lat' dir='ltr'><strong>prorsus</strong></span> <span class='ocrx_word' id='word_1_93' title='bbox 409 1471 591 1501; x_wconf 83' lang='lat' dir='ltr'><strong>exemtos</strong></span> <span class='ocrx_word' id='word_1_94' title='bbox 615 1460 702 1500; x_wconf 82' lang='lat' dir='ltr'><strong>esse</strong></span> <span class='ocrx_word' id='word_1_95' title='bbox 731 1458 892 1508; x_wconf 86' lang='lat' dir='ltr'><strong>voluit,</strong></span> <span class='ocrx_word' id='word_1_96' title='bbox 926 1458 1054 1499; x_wconf 85' lang='lat' dir='ltr'><strong>statim</strong></span> <span class='ocrx_word' id='word_1_97' title='bbox 1083 1469 1203 1511; x_wconf 83' lang='lat' dir='ltr'><strong>atque</strong></span> <span class='ocrx_word' id='word_1_98' title='bbox 1233 1459 1354 1512; x_wconf 85' lang='lat' dir='ltr'><strong>hujus</strong></span> 
     </span>
     <span class='ocr_line' id='line_1_17' title="bbox 216 1540 1351 1596; baseline -0.001 -13"><span class='ocrx_word' id='word_1_99' title='bbox 216 1543 454 1596; x_wconf 74' lang='lat' dir='ltr'><strong>disciplinae</strong></span> <span class='ocrx_word' id='word_1_100' title='bbox 507 1542 730 1584; x_wconf 82' lang='lat' dir='ltr'><strong>candidatis</strong></span> <span class='ocrx_word' id='word_1_101' title='bbox 773 1541 966 1594; x_wconf 80' lang='lat' dir='ltr'><strong>adscripti</strong></span> <span class='ocrx_word' id='word_1_102' title='bbox 1007 1540 1167 1591; x_wconf 67' lang='lat' dir='ltr'><strong>essentg</strong></span> <span class='ocrx_word' id='word_1_103' title='bbox 1199 1542 1351 1595; x_wconf 80' lang='lat' dir='ltr'><strong>quique</strong></span> 
     </span>
     <span class='ocr_line' id='line_1_18' title="bbox 213 1618 1348 1679; baseline -0.002 -13"><span class='ocrx_word' id='word_1_104' title='bbox 213 1626 338 1676; x_wconf 79' lang='lat' dir='ltr'><strong>adeo,</strong></span> <span class='ocrx_word' id='word_1_105' title='bbox 383 1625 581 1679; x_wconf 84' lang='lat' dir='ltr'><strong>quidquid</strong></span> <span class='ocrx_word' id='word_1_106' title='bbox 622 1625 671 1665; x_wconf 84' lang='lat' dir='ltr'><strong>ad</strong></span> <span class='ocrx_word' id='word_1_107' title='bbox 707 1624 982 1666; x_wconf 74' lang='lat' dir='ltr'><strong>doctrinarum</strong></span> <span class='ocrx_word' id='word_1_108' title='bbox 1024 1623 1149 1666; x_wconf 85' lang='lat' dir='ltr'><strong>studia</strong></span> <span class='ocrx_word' id='word_1_109' title='bbox 1172 1635 1213 1665; x_wconf 86' lang='lat' dir='ltr'><strong>et</strong></span> <span class='ocrx_word' id='word_1_110' title='bbox 1239 1618 1348 1665; x_wconf 78' lang='lat' dir='ltr'><strong>exci-</strong></span> 
     </span>
     <span class='ocr_line' id='line_1_19' title="bbox 214 1706 1348 1760; baseline -0.003 -11"><span class='ocrx_word' id='word_1_111' title='bbox 214 1708 332 1749; x_wconf 84' lang='lat' dir='ltr'><strong>tanda</strong></span> <span class='ocrx_word' id='word_1_112' title='bbox 374 1720 414 1748; x_wconf 91' lang='lat' dir='ltr'><strong>et</strong></span> <span class='ocrx_word' id='word_1_113' title='bbox 473 1707 647 1748; x_wconf 81' lang='lat' dir='ltr'><strong>fovenda</strong></span> <span class='ocrx_word' id='word_1_114' title='bbox 687 1708 888 1760; x_wconf 79' lang='lat' dir='ltr'><strong>pertinet,</strong></span> <span class='ocrx_word' id='word_1_115' title='bbox 948 1706 1139 1747; x_wconf 82' lang='lat' dir='ltr'><strong>munifice</strong></span> <span class='ocrx_word' id='word_1_116' title='bbox 1187 1718 1348 1754; x_wconf 84' lang='lat' dir='ltr'><strong>tuetur,</strong></span> 
     </span>
     <span class='ocr_line' id='line_1_20' title="bbox 212 1789 1346 1843; baseline -0.003 -12"><span class='ocrx_word' id='word_1_117' title='bbox 212 1791 319 1832; x_wconf 80' lang='lat' dir='ltr'><strong>idem</strong></span> <span class='ocrx_word' id='word_1_118' title='bbox 363 1802 523 1831; x_wconf 79' lang='lat' dir='ltr'><strong>nostrae</strong></span> <span class='ocrx_word' id='word_1_119' title='bbox 559 1792 678 1830; x_wconf 82' lang='lat' dir='ltr'><strong>ctiam</strong></span> <span class='ocrx_word' id='word_1_120' title='bbox 721 1790 854 1830; x_wconf 80' lang='lat' dir='ltr'><strong>favere</strong></span> <span class='ocrx_word' id='word_1_121' title='bbox 897 1791 1030 1843; x_wconf 83' lang='lat' dir='ltr'><strong>pergit</strong></span> <span class='ocrx_word' id='word_1_122' title='bbox 1072 1789 1346 1839; x_wconf 64' lang='lat' dir='ltr'><strong>Academiae,</strong></span> 
     </span>
     <span class='ocr_line' id='line_1_21' title="bbox 213 1868 1347 1926; baseline 0.002 -12"><span class='ocrx_word' id='word_1_123' title='bbox 213 1887 332 1926; x_wconf 85' lang='lat' dir='ltr'><strong>quam</strong></span> <span class='ocrx_word' id='word_1_124' title='bbox 371 1873 437 1914; x_wconf 82' lang='lat' dir='ltr'><strong>sua</strong></span> <span class='ocrx_word' id='word_1_125' title='bbox 475 1887 569 1914; x_wconf 79' lang='lat' dir='ltr'><strong>cura</strong></span> <span class='ocrx_word' id='word_1_126' title='bbox 597 1874 762 1916; x_wconf 81' lang='lat' dir='ltr'><strong>minime</strong></span> <span class='ocrx_word' id='word_1_127' title='bbox 793 1868 998 1926; x_wconf 76' lang='lat' dir='ltr'><strong>indigna&#39;m</strong></span> <span class='ocrx_word' id='word_1_128' title='bbox 1037 1871 1148 1922; x_wconf 88' lang='lat' dir='ltr'><strong>esse,</strong></span> <span class='ocrx_word' id='word_1_129' title='bbox 1186 1871 1347 1926; x_wconf 81' lang='lat' dir='ltr'><strong>persua-</strong></span> 
     </span>
     <span class='ocr_line' id='line_1_22' title="bbox 213 1956 600 1998; baseline -0.003 -1"><span class='ocrx_word' id='word_1_130' title='bbox 213 1957 404 1998; x_wconf 80' lang='lat' dir='ltr'><strong>fisfimum</strong></span> <span class='ocrx_word' id='word_1_131' title='bbox 442 1956 600 1996; x_wconf 75' lang='lat' dir='ltr'><strong>habeat.</strong></span> 
     </span>
    </p>

    <p class='ocr_par' dir='ltr' id='par_1_5' title="bbox 270 2037 1345 2091">
     <span class='ocr_line' id='line_1_23' title="bbox 270 2037 1345 2091; baseline 0.001 -13"><span class='ocrx_word' id='word_1_132' title='bbox 270 2037 410 2091; x_wconf 82' lang='lat' dir='ltr'><strong>Itaque</strong></span> <span class='ocrx_word' id='word_1_133' title='bbox 439 2038 633 2078; x_wconf 71' lang='lat' dir='ltr'><strong>constanti</strong></span> <span class='ocrx_word' id='word_1_134' title='bbox 663 2037 731 2078; x_wconf 76' lang='lat' dir='ltr'><strong>ina</strong></span> <span class='ocrx_word' id='word_1_135' title='bbox 756 2037 889 2080; x_wconf 67' lang='lat' dir='ltr'><strong>ans</strong></span> <span class='ocrx_word' id='word_1_136' title='bbox 921 2038 1195 2079; x_wconf 82' lang='lat' dir='ltr'><strong>munificentia</strong></span> <span class='ocrx_word' id='word_1_137' title='bbox 1223 2037 1345 2079; x_wconf 80' lang='lat' dir='ltr'><strong>effec-</strong></span> 
     </span>
    </p>
   </div>
   <div class='ocr_carea' id='block_1_5' title="bbox 212 2119 1343 2168">
    <p class='ocr_par' dir='ltr' id='par_1_6' title="bbox 212 2119 1343 2168">
     <span class='ocr_line' id='line_1_24' title="bbox 212 2119 1343 2168; baseline 0.001 -7"><span class='ocrx_word' id='word_1_138' title='bbox 212 2132 297 2161; x_wconf 86' lang='lat' dir='ltr'><strong>tum</strong></span> <span class='ocrx_word' id='word_1_139' title='bbox 326 2131 415 2168; x_wconf 83' lang='lat' dir='ltr'><strong>est,</strong></span> <span class='ocrx_word' id='word_1_140' title='bbox 454 2131 498 2160; x_wconf 89' lang='lat' dir='ltr'><strong>ut</strong></span> <span class='ocrx_word' id='word_1_141' title='bbox 529 2119 746 2161; x_wconf 88' lang='lat' dir='ltr'><strong>studiorum</strong></span> <span class='ocrx_word' id='word_1_142' title='bbox 791 2120 1131 2161; x_wconf 81' lang='lat' dir='ltr'><strong>Academicorum</strong></span> <span class='ocrx_word' id='word_1_143' title='bbox 1174 2120 1343 2162; x_wconf 81' lang='lat' dir='ltr'><strong>admini-</strong></span> 
     </span>
    </p>
   </div>
   <div class='ocr_carea' id='block_1_6' title="bbox 212 2180 1350 2342">
    <p class='ocr_par' dir='ltr' id='par_1_7' title="bbox 212 2180 1350 2342">
     <span class='ocr_line' id='line_1_25' title="bbox 212 2180 1343 2257; baseline 0 -10"><span class='ocrx_word' id='word_1_144' title='bbox 212 2203 304 2247; x_wconf 78' lang='lat' dir='ltr'><strong>cula</strong></span> <span class='ocrx_word' id='word_1_145' title='bbox 334 2203 543 2246; x_wconf 81' lang='lat' dir='ltr'><strong>sustentari</strong></span> <span class='ocrx_word' id='word_1_146' title='bbox 585 2202 666 2245; x_wconf 89' lang='lat' dir='ltr'><strong>hoc</strong></span> <span class='ocrx_word' id='word_1_147' title='bbox 692 2203 813 2246; x_wconf 85' lang='lat' dir='ltr'><strong>etiam</strong></span> <span class='ocrx_word' id='word_1_148' title='bbox 841 2215 947 2246; x_wconf 83' lang='lat' dir='ltr'>anno</span> <span class='ocrx_word' id='word_1_149' title='bbox 973 2180 1211 2257; x_wconf 54' lang='grc' dir='ltr'><strong>ροῑιῆεῑίιπ,</strong></span> <span class='ocrx_word' id='word_1_150' title='bbox 1257 2214 1343 2247; x_wconf 82' lang='lat' dir='ltr'><strong>tum</strong></span> 
     </span>
     <span class='ocr_line' id='line_1_26' title="bbox 1238 2296 1350 2342; baseline 0.009 -16"><span class='ocrx_word' id='word_1_151' title='bbox 1238 2296 1350 2342; x_wconf 23' lang='lat' dir='ltr'>quo--</span> 
     </span>
    </p>
   </div>
  </div>
 </body>
</html>
