1519 2729
552 184 783 244 (91)

111 328 257 380 scripta
287 326 436 368 Divina
461 325 745 380 cognoscenda
769 326 916 366 eximie
944 325 1217 380 comparatis,

109 396 297 450 religioni
328 396 415 436 suae
436 395 586 450 justum
618 395 784 437 statuere
826 398 996 450 pretium
1016 425 1028 445 ,
1072 408 1119 436 ac
1147 407 1219 449 pe-

107 467 264 520 regrina
303 465 408 506 sacra
448 467 669 506 contemtui
709 466 854 507 habere
883 466 1108 507 didicerunt
1134 464 1219 506 He-

105 537 230 577 braei.
291 535 426 589 Atque
455 535 552 575 haec
580 537 682 576 ratio
713 536 1002 592 synagogarum
1019 535 1128 590 simul
1147 535 1219 575 do-

106 617 201 656 cet,
233 605 345 659 quod
373 618 486 646 antea
514 605 708 654 diximus,
740 607 945 660 pristinam
975 605 1085 646 illam
1112 604 1220 645 insti-

107 677 304 732 tutionem
334 675 557 716 Mos-sicam
585 686 626 716 et
654 677 819 728 pristina
856 675 1030 716 instituta
1070 673 1222 714 Divina

100 746 240 799 -omnia
268 758 340 797 per
375 757 492 785 omne
521 756 662 785 aevum
692 747 732 786 in
762 745 1039 787 Hebraeorum
1065 746 1220 784 animos

106 816 187 854 vim
218 814 399 855 habuisse
429 815 640 855 maximam
668 816 718 856 ad
743 828 859 857 verae
886 815 1094 870 religionis
1109 806 1222 855 amo·

106 895 190 924 rem
217 884 471 924 excitandum
500 883 781 939 alendumque.

164 953 347 994 Accesfit
388 953 560 1005 denique
588 954 650 994 his
679 956 893 1005 omnibus,
939 954 1052 1008 quod
1075 952 1222 994 ultimo

106 1022 203 1063 loco
247 1022 456 1076 pellendae
499 1022 753 1064 idololatriae
790 1025 872 1065 vim
906 1023 1068 1074 attulit,
1112 1035 1223 1064 acer-

107 1093 392 1145 bisfimumque
432 1092 533 1133 adeo
570 1093 612 1133 in
663 1093 896 1135 idololatras
938 1093 1075 1134 odium
1116 1092 1225 1146 apud

110 1160 323 1204 Hebraeos
350 1164 572 1212 excitavit,
603 1176 745 1205 aevum
769 1163 966 1205 Antiochi
981 1163 1223 1217 Epiphanis.

165 1229 344 1271 Hebraei
394 1233 500 1273 enim
555 1235 681 1274 varias
735 1236 839 1275 inter
890 1245 1031 1289 gentes
1069 1233 1223 1286 disper·

107 1300 166 1351 fi,
196 1301 288 1342 inde
316 1301 367 1343 ab
401 1302 539 1344 exfilio
568 1302 824 1356 Babylonico
851 1305 978 1358 magis
1015 1305 1224 1359 magisque

107 1382 355 1417 mercaturae
380 1385 517 1413 amore
546 1372 756 1427 studioque
784 1374 924 1424 ducti,
967 1387 1060 1414 cum
1085 1373 1225 1414 alieni.-

107 1443 221 1497 genis
244 1445 535 1486 commercium
558 1444 759 1484 habebant
784 1443 961 1497 plurimi.
1021 1443 1225 1496 Imprimis

109 1525 206 1554 vero
232 1525 327 1567 post
351 1513 626 1556 Alexandrum
660 1514 887 1568 Magnum,
923 1513 1224 1568 Aegyptiorum

111 1582 352 1636 Syrorumve
369 1587 559 1638 potestati
585 1585 781 1639 subjecti,
807 1585 1111 1625 inveniebantur
1133 1583 1225 1637 plu-

111 1667 200 1704 res,
233 1656 301 1709 qui
332 1656 435 1696 haud
464 1656 676 1711 magnifice
707 1655 755 1696 de
791 1657 918 1708 patria
947 1657 1131 1709 avitaque
1164 1667 1226 1696 re-

111 1723 265 1779 ligione
306 1727 529 1779 cogitantes
558 1738 801 1768 mercaturae
826 1726 940 1768 causa
966 1726 1046 1766 sese
1077 1728 1118 1767 in
1155 1739 1226 1766 ex-

113 1804 216 1834 teras
236 1796 422 1849 regiones
445 1797 673 1838 conferrent
689 1827 701 1847 ,
733 1810 773 1838 et
798 1798 847 1838 ad
872 1810 1102 1839 exterorum
1138 1810 1225 1837 mo-

111 1877 174 1906 res
213 1864 295 1906 sese
340 1867 640 1919 quodammodo
670 1867 984 1908 conformarent.
1062 1867 1108 1907 In
1143 1867 1227 1920 ipsa

111 1933 213 1975 adeo
235 1933 384 1987 Judaea
410 1936 449 1975 in
481 1935 564 1976 dies
591 1938 811 1992 augebatur
836 1950 974 1978 eorum
1008 1950 1224 1988 numerus,

113 2005 181 2057 qui
223 2003 475 2046 Graecorum
518 2018 673 2048 morum
711 2007 913 2049 levitatem
951 2007 1088 2050 sectati
1122 2009 1237 2065 libe?

112 2075 258 2115 riorem
300 2074 347 2115 de
385 2075 582 2137 religione
623 2078 827 2134 cogitandi
854 2080 1050 2120 rationem
1086 2075 1226 2134 seque-

114 2145 270 2186 bantur.
337 2145 523 2201 Quorum
563 2150 743 2202 partibus
772 2149 959 2190 favebant
991 2148 1226 2202 praesertim

115 2215 316 2270 principes
346 2217 498 2271 quique
526 2219 566 2259 in
597 2220 759 2261 civitate
783 2219 885 2270 viri,
916 2219 998 2273 ipse
1027 2220 1226 2261 interdum

1168 2289 1225 2330 sa-
