1519 2729
395 158 748 261 -t‘ssm

81 344 113 387 P
128 357 152 384 u
169 343 222 385 fe
236 357 261 384 n
277 344 302 385 d
316 355 342 383 o
354 357 374 385 r
387 344 504 387 fian
521 358 541 386 a
557 358 580 388 e
633 345 736 400 legis
797 345 970 389 summae
1022 346 1212 388 naturalis

80 414 347 457 adumbratio.
834 424 836 426 ·
872 418 875 421 ’
997 418 1001 421 ’

590 543 626 599 §¹
647 542 701 584 11.

227 680 433 738 Quomodo
461 683 578 725 lzomo
609 682 841 725 adducitur
870 684 930 726 ad
952 684 1059 739 legis

461 751 776 808 observantiam
793 752 817 794 ?

82 940 84 943 Ι
136 887 269 944 Hujus
299 891 434 943 itaque
461 889 564 945 legis
595 890 890 934 observantiam
920 905 1102 948 magnam
1142 894 1217 936 ho-

78 960 256 1000 minibus
311 959 451 1000 afferre
496 958 741 1008 utilitatem,
786 975 868 1002 non
922 963 1214 1014 dubitandumz,

77 1030 162 1068 imo
190 1041 288 1079 vero
319 1028 471 1071 censeri
485 1028 606 1069 facile
623 1029 787 1081 possent
815 1031 1000 1073 homines
1028 1033 1130 1073 hane
1159 1033 1216 1073 le-

76 1090 170 1152 gem
188 1110 390 1152 tamquam
405 1111 569 1152 pactum
586 1100 788 1152 quoddam
803 1101 1026 1143 universale
1055 1103 1187 1144 iniisse
1203 1133 1216 1150 ‚

77 1168 263 1210 utilitatis
292 1168 436 1217 causa,
468 1169 538 1210 nifi
568 1167 646 1209 alia
672 1169 828 1213 adesset
855 1171 1065 1226 obligandi
1100 1173 1218 1214 causa

77 1238 207 1280 multo
221 1239 454 1288 efficacior3
483 1249 543 1282 est
573 1237 730 1289 scilieet
755 1239 823 1281 lex
851 1243 1019 1297 proprie
1048 1243 1100 1285 fic
1129 1243 1214 1284 dic-

77 1319 142 1358 ta,
186 1308 464 1362 proficiscitur
505 1309 613 1349 enim
658 1322 681 1349 a
711 1309 937 1363 superiori,
982 1324 1005 1352 a
1031 1309 1128 1352 Deo
1160 1310 1216 1353 O.

75 1377 142 1418 M.
169 1378 421 1437 quihomine
453 1377 639 1419 sociabili
670 1380 870 1429 creando,
899 1393 990 1421 eum
1020 1382 1132 1423 hisce
1157 1381 1217 1425 le-

76 1448 223 1503 gibus,
251 1450 291 1488 vi
309 1449 518 1503 congeniti
534 1448 697 1489 luminis
714 1446 1008 1504 promulgatis,
1041 1451 1217 1493 obstrin-

75 1519 136 1558 xit
166 1515 340 1572 (1).‘‹-·
370 1518 519 1562 Voluit
544 1517 689 1570 Deus,
721 1531 764 1560 ut
795 1520 920 1560 homo
950 1515 1211 1572 iis’viribus‚

77 1601 176 1641 quas
217 1590 289 1631 fibi
330 1603 424 1643 prae
463 1590 594 1631 brutis
636 1589 862 1643 peculiares
904 1589 1031 1631 inesse
1066 1590 1215 1642 sentit,

77 1656 127 1697 ad
164 1670 326 1698 naturae
368 1661 459 1700 suae
513 1659 837 1701 incolumitatem
879 1672 1040 1709 utatur,
1085 1671 1214 1714 utque

76 1727 179 1768 adeo
208 1740 230 1768 a
270 1727 480 1771 brutorum
531 1728 674 1782 exlege
715 1731 823 1779 vita,
869 1730 1063 1770 humanae
1106 1731 1217 1770 vitae

78 1797 181 1836 ratio
209 1797 253 1837 stt
282 1797 481 1840 distincta.
513 1821 558 1831 -
589 1798 635 1839 Id
652 1799 762 1852 quod
793 1813 886 1840 cum
914 1799 1058 1849 aliter,
1091 1812 1214 1852 quam

78 1867 229 1906 servata
267 1865 357 1922 lege
381 1868 578 1918 naturali,
620 1870 794 1910 obtineri
823 1880 1018 1922 nequeat,
1061 1869 1218 1910 intelli-

77 1937 186 1990 gitur
212 1947 407 1989 quoque,
437 1950 459 1977 a
501 1937 597 1980 Deo
636 1937 863 1992 obligatum
893 1938 979 1979 esse
1003 1938 1214 1982 hominem

76 2006 127 2046 ad
175 2008 291 2047 istam
340 2007 567 2048 servandam
614 2018 815 2060 tamquam
861 2007 1035 2049 medium
1053 2039 1066 2058 ‚
1129 2020 1214 2050 non

75 2077 245 2118 arbitrio
288 2078 497 2119 hominum
535 2079 771 2130 inventum,
817 2088 938 2131 atque
976 2089 1028 2120 ex
1067 2090 1211 2120 eorum

1158 2147 1210 2190 li-

122 2226 186 2274 (ι)
215 2228 268 2262 De
291 2227 351 2272 Off.
375 2228 419 2263 H.
443 2237 473 2263 et
497 2230 531 2264 C.
556 2229 631 2264 Lib.
655 2230 682 2263 Ῐ.
703 2237 734 2261 c.
759 2237 792 2270 3.
815 2228 833 2272 §
861 2237 910 2263 ιο.

615 2287 647 2328 F
679 2301 705 2331 2
