1519 2729
716 165 965 221 (190)

283 305 506 347 defenfivae
545 308 642 359 non·
666 303 751 345 esse
792 303 1063 349 resistendum.
1145 329 1174 353 „
1206 298 1307 341 Und
1344 300 1408 341 be-

227 374 236 382 “
279 403 309 428 ,,
339 373 554 422 tutemet,
599 374 759 426 inquit,
803 373 880 414 den
935 369 1161 427 liffenfclzen
1203 368 1291 425 auf
1331 369 1410 411 den

279 470 310 498 „
336 443 439 486 Fall
463 441 557 497 dass
583 457 631 484 er
662 443 855 485 Unrecht
881 443 988 485 leide
1006 473 1020 490 ‚
1052 443 1108 483 im
1138 435 1421 494 Verhc'iltniss

278 543 309 566 ,‚
338 526 394 555 zu
421 512 512 554 dem
540 508 828 566 Moralischen
850 510 1031 568 -Gesbtze
1058 514 1115 553 im
1140 506 1410 564 Bewustfeyn

278 612 309 637 ,‚
330 579 468 638 feines
498 582 684 637 Gegners
712 580 801 621 und
826 581 902 621 der
929 581 1107 636 iibrigen
1122 574 1408 633 Menfclzejn:''

278 655 321 696 in
349 664 539 705 quantum
569 651 634 691 lex
663 650 732 690 illa
747 650 910 691 moralis
923 663 1014 690 eum
1036 648 1176 703 jubet,
1204 660 1408 688 externam
1431 682 1435 685 .

278 725 450 778 aiiqu'us
474 722 608 774 (illius
634 733 753 772 quem
783 716 1015 771 aggreditur
1039 715 1165 768 alter>
1182 716 1409 759 libertatem

276 805 361 834 non
392 794 570 833 minuere
594 790 760 843 ejusque
788 788 828 828 vi
859 786 1080 829 defenfivae
1100 799 1182 834 non
1209 786 1379 827 obstare.

337 856 1152 915 SatisitaqueHeydenreichiUS,
1183 856 1356 898 ethicam
1386 869 1409 897 a

275 932 601 989 jurisprudentia
629 928 798 970 naturali
835 927 1088 974 distinxisse,
1128 926 1407 968 fibi·videtur.-

277 1003 429 1044 Omnia
458 1003 609 1056 igitur,
647 1011 749 1052 quae
776 1009 858 1037 non
885 1008 1065 1050 pugnant
1099 1007 1191 1037 cum
1235 995 1406 1038 aliorum

276 1072 466 1114 libertate
494 1081 686 1117 externa,
715 1069 823 1122 justa
853 1067 940 1109 sunt
968 1067 1180 1115 habenda,
1213 1067 1311 1111 licet
1325 1080 1406 1111 ma-

275 1143 486 1194 ximopere
515 1140 596 1195 legi
623 1137 766 1180 morali
796 1140 867 1180 fint
892 1138 1105 1180 contraria.
1166 1137 1225 1180 Ita
1240 1139 1405 1180 demum

274 1212 459 1264 injuriam
493 1222 575 1250 non
607 1209 927 1257 committimus5
970 1220 1046 1250 nec
1087 1208 1294 1250 coactioni
1337 1207 1406 1249 de-

274 1280 446 1322 scnfivae
473 1281 701 1321 resistimus.
762 1275 871 1331 Quia
911 1277 1076 1330 itaque,
1121 1290 1171 1320 ex
1213 1277 1407 1319 sententia

274 1342 771 1401 Hcy'denreichii‚
803 1346 910 1399 Cajo
928 1345 1190 1395 fitofficium,
1221 1360 1273 1388 ne
1291 1347 1405 1388 Sem-

272 1423 462 1473 pronium
515 1420 644 1460 laedat
695 1428 762 1459 aut
807 1429 884 1470 pro
931 1416 1192 1458 instrumento
1232 1418 1404 1465 habeat,

273 1491 521 1543 Sempronio
550 1490 679 1530 oritur
703 1488 782 1541 jus.

331 1561 438 1602 Cum
480 1571 618 1612 nostra
660 1558 784 1612 igitur
819 1556 919 1610 juris
960 1557 1235 1606 deductione,
1282 1570 1401 1612 qua-m

272 1630 376 1671 infra
403 1629 535 1671 sumus
573 1628 780 1673 tradituri,
814 1626 911 1668 haee
943 1629 1110 1668 omnino
1140 1638 1401 1682 congruunt,

211 1751 214 1755 .
272 1713 357 1752 quo
395 1699 445 1739 ad
481 1697 700 1745 effectum,
745 1698 900 1737 ratione
930 1709 1028 1738 vero
1056 1698 1214 1746 fontis,
1261 1696 1339 1739 He
1359 1710 1404 1749 y-

273 1768 626 1812 denreichio
663 1779 744 1807 non
789 1766 1052 1816 assentimur,
1093 1782 1185 1810 cum
1223 1768 1293 1810 ille
1320 1779 1402 1808 non

273 1839 450 1882 officium
468 1848 587 1891 atque
611 1837 712 1892 juris
744 1837 1037 1892 obligationem
1066 1838 1216 1892 perse,
1249 1838 1402 1885 sumat,

273 1907 340 1949 sed
367 1908 671 1962 juripotentiam
698 1918 874 1948 nostram
903 1919 952 1947 cx
980 1907 1142 1949 alterius
1172 1909 1304 1951 officio
1336 1907 1402 1947 de-

273 1978 408 2018 ducat.
457 1976 552 2031 ,Jam
595 1976 766 2019 aliorum
803 1975 904 2017 illud
944 1977 1119 2019 officium
1160 1977 1401 2032 perfectum

273 2059 334 2088 est
370 2046 584 2089 dicendum
624 2043 736 2100 (1);
780 2045 961 2101 reliqua,
1003 2059 1135 2102 quae,
1174 2057 1218 2087 ut
1247 2048 1303 2087 ita
1344 2045 1402 2085 di-

1287 2128 1402 2161 cam,

322 2203 385 2251 (ι)
409 2207 462 2240 De
488 2206 659 2240 coactione
676 2231 687 2248 ,
711 2215 795 2250 quae
816 2206 896 2241 illud
926 2205 1069 2241 officium
1089 2203 1277 2248 perficium
1302 2203 1406 2237 comi·

1360 2268 1404 2293 ta-
