1519 2729
635 175 863 234 (28)

193 312 303 353 viros
327 309 566 356 intemerato
591 316 758 359 honoris
774 350 786 370 ‚
833 317 993 373 qualem
1023 313 1336 360 commendaret·

192 394 367 450 religio,
398 407 534 438 amore
563 398 774 454 studioque
802 403 852 443 fic
890 402 1091 457 insignes,
1136 409 1181 442 ut
1221 401 1333 442 sum-³

190 473 316 519 mum'
345 476 601 522 humanitatis
639 482 761 524 decus
797 495 837 524 et
873 494 1154 525 ornamentum
1184 483 1324 524 haberi

190 567 429 603 mereamim
491 562 621 605 Immo
651 567 779 607 nostis
796 592 809 616 ‚
841 567 939 620 quid
965 564 1137 608 maxime
1154 567 1194 607 in
1211 576 1334 620 prae-w

191 641 322 683 clarae
355 644 493 697 illim,
540 659 640 700 quae
669 648 775 688 suam
807 650 1054 703 majestatem
1085 649 1249 702 puritati
1277 656 1332 689 ac·

188 722 424 767 sublimitati
453 728 663 783 religionis
693 731 944 782 potisfimum
982 731 1175 780 deberem
1222 731 1333 788 poe-s

187 805 277 847 seos
317 820 401 848 arte
442 810 640 851 valuerint
670 811 874 862 Hebraei,
921 824 965 854 ut
996 812 1124 869 longo
1148 824 1245 867 post
1285 812 1332 854 se

186 888 401 932 intervallo
422 893 532 946 ipsos
559 893 796 948 reliquerint
823 895 993 936 Arabes.
1057 896 1209 936 Verum
1225 908 1319 936 nos·

188 972 239 1011 tis
267 975 386 1014 etiam
406 1005 418 1024 ‚
450 988 728 1030 quantopere,
760 977 874 1020 dum'v
885 980 1001 1031 prior
1025 978 1149 1019 stabat
1185 990 1327 1032 respu-

187 1053 324 1104 blica,
356 1056 566 1112 religionis
589 1059 678 1100 suae
708 1060 992 1102 excellentiam
1023 1062 1150 1116 magis
1178 1045 1328 1116 tnagis·

186 1126 488 1193 q'ue‘deinceps
517 1143 631 1193 parvi
659 1139 832 1184 fecerint
859 1143 1066 1196 plerique,
1111 1145 1151 1184 in
1179 1155 1325 1197 peren-

186 1230 278 1260 nem
322 1221 380 1262 sui
415 1224 590 1266 nominis
636 1225 900 1278 ignominiam
941 1226 1148 1280 ipsamque
1192 1227 1329 1281 gentis

186 1304 443 1354 perniciem.¹
486 1304 599 1346 Haec
627 1286 817 1348 nimirum
847 1318 931 1348 erat
954 1293 1084 1348 ‘divini
1112 1310 1152 1348 in
1183 1309 1325 1349 mode·

185 1385 319 1425 randis
349 1386 620 1428 Ismelitarum
647 1389 768 1430 rebus
798 1395 994 1445 perpetu}
1024 1392 1232 1446 regiminis
1262 1399 1329 1432 ra-‘
1383 1393 1398 1406 ³

189 1468 278 1517 tio,
311 1481 382 1518 ut,
415 1483 499 1522 quo
526 1471 567 1512 hi
600 1473 682 1512 vini
708 1472 920 1528 religionis
962 1475 1221 1527 perciperent
1257 1486 1324 1516 ea-

189 1563 268 1603 que
296 1560 554 1594 m‘overentur
579 1555 807 1606 efficacius,
839 1568 891 1597 eo
920 1557 1047 1611 magis
1078 1556 1150 1598 suo
1174 1556 1323 1598 honori

187 1646 234 1673 ac
268 1634 381 1689 saluti
411 1648 493 1677 non
521 1636 756 1691 prospicere
782 1650 866 1680 non
888 1637 1078 1692 possent,
1111 1639 1206 1690 scd,
1238 1653 1325 1693 quo

160 1724 163 1725 ’
191 1718 389 1758 minorem
418 1719 612 1760 haberent
637 1721 849 1776 religionis
878 1735 1045 1772 curam,
1089 1735 1140 1762 eo
1178 1722 1321 1777 majori

162 1798 231 1839 ¹fe
272 1801 498 1855 objicerent
539 1813 580 1843 et
617 1803 784 1844 honoris
829 1815 870 1844 et
898 1804 1033 1846 salutis
1062 1805 1322 1846 detrimento.

191 1880 388 1923 Fatemini
429 1883 555 1934 illud,
597 1897 642 1926 ut
671 1887 771 1926 mihi
793 1887 1021 1940 persuasum
1063 1899 1149 1937 est,
1187 1886 1240 1928 A.
1267 1886 1320 1929 A.

192 1977 400 2018 quotquot
433 1967 640 2008 historiam
671 1967 952 2011 Hebraeorum
987 1971 1042 2011 ita
1082 1969 1321 2023 perlustras-

195 2049 272 2094 εἰς,
315 2060 360 2088 ut
392 2050 431 2088 in
461 2049 550 2102 ipso
580 2052 710 2092 minus
740 2053 944 2093 ordinario
969 2054 1100 2108 gentis
1125 2054 1322 2108 regimine

192 2130 390 2170 naturales
417 2144 547 2171 rerum
579 2133 734 2173 caussas
763 2134 996 2188 diligentius
1017 2136 1320 2191 investigaveri⁴

197 2212 274 2254 tis:
331 2225 462 2268 neque
507 2215 681 2269 cupietis
723 2217 876 2271 igitur,
920 2217 1125 2270 ut'h'unc,
1170 2219 1210 2259 in
1235 2231 1321 2272 quo

1207 2302 1320 2357 spec-
