1519 2729
613 172 837 229 (μ)

158 312 252 368 ’νἈΝ
285 313 475 362 Gom-r,
522 313 592 366 qui
629 311 948 352 modestissimos
979 309 1028 350 de
1066 317 1104 349 te
1136 310 1297 361 tuisque

163 397 318 437 meritis
356 394 487 436 sensus
531 407 623 436 cum
656 395 803 434 eximia
829 393 1097 448 generositate*
1125 391 1297 445 conjun-

163 478 251 532 gis!
298 476 501 531 Equidem
543 488 705 531 magnas
747 476 836 516 illas
876 477 1043 516 virtutes
1075 484 1160 514 tuas
1188 470 1298 525 apud

162 568 229 597 me
260 557 365 597 haud
394 557 473 597 fine
503 557 647 599 dolore
679 559 855 612 quodam
886 556 1126 605 reverebar,
1173 567 1296 604 cum,

163 641 338 679 muneris
381 641 438 680 tui
479 643 674 695 gravitate
703 640 890 694 pressus,
934 638 1062 684 illud,
1093 647 1295 677 annuente

160 718 285 761 REGE
339 734 385 763 ac
435 723 551 762 missa
608 733 879 776 quacumque
925 719 1293 760 emolumentorum

159 802 523 855 compensatione,
570 805 808 857 deponeres.
896 803 1048 844 Verum
1075 802 1182 842 idem
1213 814 1294 856 ego

162 893 202 922 te
230 895 336 923 nunc
367 885 538 936 publice
570 900 662 926 cum
705 885 891 944 singulari
936 884 1147 938 voluptate
1189 883 1293 924 sum·

159 976 304 1017 maque
348 966 603 1008 observantia
634 967 792 1018 saluto,
836 969 936 1020 qui,
975 979 1025 1006 ne
1055 965 1180 1019 quid,
1225 976 1294 1004 va-

155 1056 275 1085 cante
302 1046 370 1087 diu
398 1048 614 1099 cathedra,
651 1050 880 1091 detrimenti
909 1046 1132 1089 Acade'mia
1171 1058 1292 1099 cape-

97 1134 103 1179 ]
153 1138 246 1178 ret,
279 1142 421 1170 munus
453 1142 564 1173 tuum
594 1132 736 1186 sponte
765 1132 897 1173 denuo
925 1130 1176 1184 susceperis,
1202 1127 1292 1169 nul-

155 1208 200 1249 lo
229 1210 311 1250 alio
340 1213 409 1253 nifi
436 1213 689 1256 nobilisfimo
720 1214 795 1254 illo
827 1215 995 1255 honoris
1025 1213 1291 1253 incitamento

155 1291 351 1347 impulsus
368 1324 389 1343 ‚s
431 1295 543 1348 quod
587 1298 723 1349 ‘pietas
765 1295 884 1337 offert
936 1294 1192 1343 Chris-tiana,
1249 1305 1292 1335 et

154 1376 268 1430 quod
307 1356 479 1418 aliorum
523 1378 770 1428 commoda,
814 1379 886 1419 ubi
928 1378 1148 1428 convenit,
1194 1389 1290 1429 pro-

154 1461 253 1512 priis
297 1460 527 1500 commodis
561 1461 685 1516 longe
724 1471 970 1514 anteponere
1004 1460 1135 1515 jubet.
1196 1459 1290 1501 Per·

154 1554 236 1597 ge,
293 1542 368 1583 Vir
425 1544 611 1596 optime,
669 1555 863 1597 quantum
904 1556 978 1597 per
1017 1543 1290 1585 valetudinem

155 1625 262 1666 haud
298 1627 401 1666 adeo
443 1625 597 1666 firmam
641 1624 795 1677 liceat3
834 1639 959 1682 perge
990 1626 1135 1668 eodem
1163 1625 1290 1666 modo

151 1707 327 1763 gloriam
372 1709 447 1749 tibi
491 1721 758 1763 comparare,
803 1721 879 1750 nec
920 1708 1182 1762 spernendam
1210 1710 1289 1749 uti-

151 1803 258 1843 que,
290 1802 330 1831 et
357 1787 522 1832 minime
550 1791 788 1846 vulgarem!
830 1791 1018 1833 Gloriam
1049 1802 1091 1832 tu
1122 1791 1288 1844 quidem

149 1883 233 1912 non
260 1872 477 1914 admodum
507 1875 666 1927 quaeris
695 1874 812 1927 ipse3
847 1874 915 1915 scd
943 1887 1029 1914 eam
1061 1874 1138 1913 tibi
1167 1873 1288 1913 debe·

148 1955 183 1995 ri
213 1955 428 2008 insignem,
461 1965 502 1995 et
522 1937 658 1996 'totius
688 1941 1159 1996 Senatus‘nominetibi
1183 1956 1288 1997 haud

147 2037 204 2076 ita
231 2036 388 2089 pridem
417 2049 510 2077 cum
537 2049 654 2091 grato
684 2038 820 2079 animo
863 2039 1053 2090 privatim
1091 2039 1287 2093 fignifica-

142 2119 216 2166 vi‚
247 2128 288 2157 et
317 2119 356 2157 in
383 2118 551 2170 publica
579 2121 654 2161 hac
684 2117 922 2160 solennitate
961 2120 1106 2161 iterum
1139 2121 1286 2177 fignifi-

145 2211 215 2241 c0.
305 2196 374 2240 Sic
414 2199 540 2254 igitur
578 2213 671 2244 cum
705 2202 839 2259 gloria
866 2215 992 2259 perge
1028 2203 1284 2252 constanter,

1209 2285 1282 2325 do-

1094 2354 1102 2373 N
