1519 2729
590 162 614 218 <
651 176 758 221 ’137
817 163 842 219 )

148 303 360 352 solatium,
405 303 497 357 quia
537 301 593 343 sui
623 304 743 357 ipfius
773 303 893 356 culpa
924 301 1067 345 infelix
1098 313 1186 354 est;
1217 306 1278 348 vi-

148 375 296 417 tiorum
338 375 443 412 enim
488 385 638 425 poenas
678 373 754 414 luit
804 385 954 428 angore
1005 373 1278 415 conscientiae

147 442 377 495 fraudisque
417 443 612 483 cruciatu.
658 466 701 475 -—
746 442 826 482 Sed
865 444 926 482 vir
965 444 1056 496 pius
1095 455 1135 482 et
1177 445 1280 484 inte·

150 525 223 568 ger
250 514 291 553 in
332 512 474 553 mediis
505 511 805 565 tempestatibus
836 511 932 553 Deo
958 513 1194 563 confidens,
1232 512 1282 554 ad

152 584 264 636 rupis
289 582 407 623 instar
436 584 475 623 in
508 584 605 623 mari
632 582 892 631 turbulento,
917 595 1190 624 aerumnarum
1215 594 1285 623 ve·

148 653 224 696 luti
255 653 371 694 undis
398 653 629 706 quaSsatUS,
676 652 836 693 securus
865 664 954 703 est,
999 653 1091 694 dum
1128 654 1284 694 ratione

153 725 310 772 utitur,
343 735 388 764 ut
405 724 539 763 onmia
557 724 597 762 in
612 723 759 763 bonam
790 734 942 775 partem
961 722 1125 772 flectat,
1156 723 1285 763 bona-

150 806 232 848 que
248 794 496 834 conscientia
523 795 638 833 nixus
668 792 803 833 nullus
820 793 1006 842 dubitat,
1037 794 1134 845 quin
1149 794 1285 834 omnia

146 875 171 905 a
207 862 303 903 Deo
347 864 387 903 in
429 875 686 904 communem
741 862 904 904 salutem
959 863 1205 918 dirigantur,
1246 873 1288 903 et

147 932 238 986 spes
282 931 384 972 laeta
436 945 524 973 oras
566 933 743 974 ostendit
796 933 1056 986 tranquillas,
1094 935 1166 976 ubi
1205 933 1286 974 fata

149 1012 242 1042 eum
275 1003 410 1055 quieta
441 1012 615 1042 manent.

207 1069 322 1112 Ecce
362 1073 515 1126 igitur,
567 1084 817 1126 quantopere
856 1073 1057 1127 discrepet
1099 1072 1287 1114 conditio

148 1142 225 1183 viri
273 1143 419 1196 integri
460 1153 502 1197 et
547 1142 721 1183 hominis
761 1143 939 1185 scelesti!
984 1143 1135 1184 Nonne
1180 1154 1287 1183 utra·

133 1211 228 1267 'que
272 1212 459 1253 iustitiam
500 1214 630 1268 arguit
670 1214 869 1263 divinam,
917 1225 958 1254 et
1011 1213 1194 1267 querelas
1236 1211 1286 1252 de

152 1281 261 1328 malo
292 1281 435 1323 morali
463 1294 664 1337 tamquam
692 1284 881 1325 nefandas
911 1284 1164 1338 proscribit?

208 1350 401 1405 Denique
431 1352 518 1406 spes
550 1353 730 1394 melioris
758 1354 1008 1395 conditionis
1044 1352 1143 1395 olim
1177 1352 1286 1393 futu-

84 1447 87 1449 ·
149 1434 243 1471 rae,
290 1435 392 1475 quae
437 1437 530 1464 cum
572 1423 824 1477 persuafione
866 1423 915 1464 de
956 1423 1053 1464 Deo
1087 1434 1195 1463 arcte
1225 1435 1286 1463 est

150 1494 397 1540 coniuncta,
428 1504 469 1533 et
497 1493 749 1547 exspectatio
777 1493 917 1535 iudicii
940 1494 1036 1534 iusti
1063 1493 1162 1535 olim
1193 1493 1286 1533 sub-

148 1561 297 1611 eundi,
343 1576 426 1615 quo
455 1563 630 1604 felicitas
654 1576 730 1617 pro
757 1566 912 1604 ratione
943 1565 1047 1604 vitae
1079 1574 1285 1604 anteactae

149 1632 386 1686 augebitur,
419 1632 530 1686 spem
560 1635 636 1673 viri
658 1634 782 1686 >probi
796 1645 916 1687 atque
930 1633 1031 1674 adeo
1047 1633 1286 1674 felicitatem

152 1701 264 1750 eius,
306 1702 384 1743 iam
417 1703 492 1744 hac
524 1704 564 1743 in
590 1714 693 1744 terra
722 1714 870 1759 augent
900 1715 942 1745 et
969 1704 1140 1745 nostram
1164 1703 1285 1744 fidem

154 1771 196 1810 in
224 1769 362 1812 Deum
397 1774 649 1816 confirmant.
962 1822 966 1823 ⁷

212 1840 286 1882 ΙΙΙ.
318 1841 416 1884 Non
443 1845 472 1884 ii
503 1844 665 1895 summ,
696 1847 765 1899 qui
794 1845 843 1887 de
874 1844 1016 1886 ordine
1044 1845 1120 1884 rite
1134 1842 1286 1883 iudica-

152 1921 196 1952 re
236 1912 481 1965 possumus3
525 1917 697 1968 quisque
733 1917 839 1956 enim
868 1915 925 1957 sui
963 1916 1082 1968 ipfius
1109 1914 1286 1955 felicita·

153 1991 233 2022 tem
247 1982 500 2035 potissimum
515 1997 713 2037 quaerens
724 2015 737 2033 ,
754 1986 817 2037 *ad
832 1997 1090 2026 communem
1120 1984 1284 2025 salutem

150 2052 219 2094 vix
235 2053 425 2093 attendit:
458 2067 549 2095 cum
566 2067 587 2095 e
604 2056 810 2096 contrario
826 2068 900 2095 nos
924 2067 1112 2108 oporteat
1126 2065 1286 2094 nosmet

150 2121 262 2175 ipsos
301 2123 550 2165 considerare
594 2136 796 2179 tamquam
834 2137 965 2178 partes
1011 2126 1122 2166 seriei
1154 2124 1285 2172 illius,

151 2204 253 2246 quae
279 2192 329 2234 ad
356 2192 477 2236 finem
506 2194 694 2239 ultimum
739 2196 958 2250 procedit,
999 2207 1076 2237 nec
1110 2195 1286 2250 postula-

1211 2276 1281 2315 re,
