1519 2729
677 191 901 251 (90)

221 332 317 376 ficio
346 332 623 382 deduxerunt-1,
653 342 694 373 et
720 344 820 375 vero
849 334 969 374 etiam
1000 333 1039 373 in
1067 329 1172 385 Juris
1189 340 1349 371 naturae

218 400 384 443 historia
403 433 416 453 ,
447 416 565 457 quam
595 403 634 442 in
662 401 738 444 hac
769 403 1122 445 commentationis
1147 412 1257 453 parte
1271 411 1348 440 tra—

216 470 310 511 dere
341 474 477 513 conati
523 472 684 520 summ,
728 472 864 526 quoad
907 472 1208 513 distinctionem
1247 471 1350 510 inter

214 540 340 593 ipsam
390 541 750 596 Jurisprudentitun
809 541 1028 582 naturalem
1075 552 1116 581 et
1158 538 1348 580 Ethicam

215 609 290 663 per
327 611 552 653 officiorum
578 613 618 651 in
647 610 828 664 perfecta
856 622 896 650 et
920 611 1159 663 imperfecta
1187 608 1349 650 divifio·

214 680 308 720 nem'
340 682 503 729 attinet,
536 679 667 721 sumus
696 679 852 720 versati.
886 679 1216 720 Animadvertere
1232 677 1350 719 licuit
1380 688 1383 690 ·

213 749 539 802 progressionem
565 749 777 789 maximam
794 750 834 789 in
852 748 1055 790 tractanda
1065 748 1173 802 Juris
1187 756 1351 802 naturae

214 817 414 859 doctrina.
446 838 489 849 -
519 818 717 860 Gentium
757 819 865 858 enim
902 818 993 872 jus,
1036 817 1219 870 illudque
1249 811 1350 856 belli

213 897 254 927 et
278 887 392 940 pacis
410 897 593 940 tempore
611 917 624 938 ,
657 888 784 942 magis
805 897 1041 928 tractaverat
1070 886 1111 928 G
1127 899 1146 927 r
1161 899 1187 927 o
1204 897 1219 926 t
1234 886 1247 926 i
1260 898 1286 926 u
1300 898 1317 926 s
1334 913 1348 935 ,

212 969 332 1010 quam
359 956 430 1010 Jus
457 968 620 998 naturae
646 959 813 1011 proprie
846 958 897 998 fic
931 957 1099 998 dictum.
1166 956 1223 996 At
1250 967 1350 996 vero

214 1028 398 1080 quamvis
436 1026 506 1067 ille
535 1039 617 1069 non
643 1028 746 1068 adeo
777 1026 825 1066 de
864 1026 1056 1066 industria
1081 1024 1155 1078 Jus
1187 1036 1350 1066 naturae

214 1096 471 1146 tractaverit,
505 1096 592 1138 sunt
608 1109 738 1138 tamen
757 1095 882 1137 multa
905 1097 945 1136 in
961 1096 1047 1155 ejus
1072 1106 1196 1148 opere
1221 1096 1344 1136 nobis

215 1167 359 1215 obvia,
387 1178 488 1218 quae
517 1166 596 1206 huc
625 1166 859 1220 respiciunt.
919 1164 1314 1206 Pufendorfiu
1332 1176 1351 1205 s

212 1242 343 1286 vero,
384 1236 481 1277 licet
522 1236 624 1277 alios
665 1237 875 1290 ipsumque
910 1234 1012 1275 adeo
1043 1232 1265 1284 Grotitnn,
1309 1235 1352 1274 in

214 1306 403 1360 plurimis
430 1306 590 1347 secutus
619 1306 694 1356 fit,
735 1304 807 1359 Jus
850 1315 1011 1345 naturae
1052 1316 1183 1345 tamen
1224 1305 1351 1359 magis

212 1374 430 1427 exposuit,
475 1387 594 1428 quam
631 1374 797 1428 quidem
831 1374 1025 1415 hactenus
1054 1375 1104 1415 ab
1143 1374 1231 1416 ullo
1258 1374 1354 1428 phi-

214 1443 409 1497 losopho,
434 1443 585 1485 factum
601 1444 758 1485 suerat.
847 1443 916 1484 Ad
949 1444 990 1485 G
1006 1457 1025 1484 r
1041 1458 1066 1484 o
1084 1446 1156 1496 tii
1187 1443 1352 1497 quidem

214 1513 472 1555 fundamenta
515 1524 555 1553 et
584 1515 786 1567 principia
815 1514 922 1554 suam
953 1514 1001 1554 de
1029 1514 1123 1567 Jurc
1154 1514 1351 1555 Gentium

215 1583 353 1625 retulit
385 1584 694 1632 tractationem,
727 1595 767 1624 et
793 1583 858 1623 vel
876 1584 926 1624 sic
958 1594 1085 1622 tamen
1099 1582 1172 1636 Jus
1188 1595 1352 1624 naturae

216 1655 382 1708 proprie
419 1654 490 1706 ipfi
523 1654 704 1702 dictum,
746 1665 796 1693 ex
838 1653 1029 1706 operibus
1071 1653 1184 1694 facili
1212 1654 1352 1695 admo-

215 1724 310 1764 dum
339 1724 508 1777 negotio
543 1722 690 1763 elicere
720 1721 831 1762 licet.
903 1721 979 1762 Est
1023 1735 1121 1763 vero
1158 1723 1294 1764 Pufe
1308 1736 1353 1763 n-

218 1793 403 1848 dorfii
435 1792 621 1833 doctrina
648 1794 847 1845 permixta
885 1794 1138 1845 praeceptis,
1181 1806 1274 1834 cum
1303 1806 1354 1835 ex

217 1862 486 1915 Philosophia
534 1853 687 1902 Morari
708 1892 721 1911 ,
780 1873 864 1903 tum
905 1863 1027 1902 etiam
1079 1874 1129 1903 ex
1169 1861 1354 1904 Theolo-

218 1934 285 1987 gia
313 1931 481 1973 naturali
513 1931 650 1973 sumtis
680 1931 775 1987 (1).

1282 2002 1355 2044 Via

201 2145 205 2150 ’
263 2149 327 2195 (ι)
353 2152 472 2184 Earum
500 2150 721 2185 doctrinarum
741 2153 772 2186 in
802 2152 882 2198 Jure
903 2161 1034 2187 naturae
1070 2154 1202 2187 omnino
1234 2151 1356 2185 haben-

221 2206 294 2241 dam
319 2209 386 2243 esse
412 2209 571 2242 rationem
596 2210 730 2261 asseruit
753 2212 781 2246 B
797 2221 814 2244 a
828 2221 844 2244 r
858 2210 878 2244 b
896 2221 914 2245 e
929 2221 951 2254 y
966 2220 981 2245 ι·
996 2221 1012 2244 a
1026 2221 1045 2245 c
1056 2235 1067 2252 ‚
1089 2213 1123 2245 in
1149 2209 1356 2244 animadver-

1294 2266 1353 2311 [ί-
