1519 2729
573 151 825 212 (103)

131 291 345 341 doctrina,
373 290 484 345 quod
498 290 630 334 cultus
657 294 811 335 externi
839 293 1069 346 rituumque
1097 292 1268 351 vanita?

132 372 213 402 tem
256 363 530 413 ostenderent,
572 374 614 403 et
643 365 821 405 internos
860 362 1069 418 religionis
1112 361 1246 405 sensus
1291 398 1293 400 ,

129 432 485 482 commendarent,
527 432 679 486 ubique
708 432 919 488 neglectos
959 447 980 474 a
1019 432 1181 487 Judaeis
1210 443 1253 474 et

130 501 258 542 cultui
283 513 449 543 externo
476 503 749 556 posthabitos.

186 566 335 626 Neque
390 584 541 613 tantum
585 574 626 614 in
667 585 916 616 commutata
966 573 1253 615 Hebraeorum

125 642 274 696 agendi
301 644 456 683 ratione
485 643 622 684 eadem
650 644 828 686 cernitur
866 643 1053 694 indoles,
1101 643 1167 684 sed
1209 654 1252 683 et

126 712 168 751 in
197 711 281 765 ipsa
308 715 625 754 commutatione
654 716 883 770 causisque,
927 729 1029 770 quae
1057 715 1159 756 hanc
1189 713 1252 754 ef-

125 782 327 825 fecerunt.

186 853 339 894 Causae
368 855 475 895 enim
497 885 510 904 ,
542 865 645 908 quae
672 854 919 905 effecerunt,
949 867 995 897 ut
1011 855 1170 897 tandem
1198 854 1250 895 ab

129 923 360 964 idololatria
389 924 629 965 abstinerent
658 924 865 975 Hebraei,
911 928 1124 967 maximam
1160 936 1252 977 par-

125 1003 207 1033 tem
248 1004 359 1034 erant
399 993 573 1035 sensibus
610 996 785 1035 externis
827 996 1031 1049 expositae
1058 1006 1100 1035 et
1128 993 1254 1035 vehe-

123 1059 278 1103 men'ter
303 1064 478 1104 animum
495 1064 728 1105 afficientes.
788 1064 897 1105 Tota
924 1065 1115 1106 nimirum
1142 1063 1251 1104 insti-

123 1133 232 1174 tutio
261 1132 447 1174 Mosaica
475 1135 525 1175 ad
550 1134 832 1176 Hebraeorum
859 1135 1063 1177 feriendos
1092 1136 1251 1176 animos

121 1214 210 1243 erat
238 1203 562 1244 accommodata.
635 1204 909 1246 Theocratica
948 1207 1056 1245 enim
1087 1204 1254 1259 regimi-

120 1274 184 1313 nis
211 1273 375 1323 forma,
421 1287 502 1327 qua
525 1273 683 1328 Jehova
719 1286 909 1329 tanquam
943 1288 1015 1316 rex
1051 1274 1253 1316 Israelita-

121 1354 209 1384 rum
258 1343 596 1397 praesentissimus
651 1345 824 1387 diversas
876 1347 984 1401 regis
1028 1344 1251 1386 Orientalis

119 1424 253 1466 partes
282 1414 322 1453 in
359 1413 397 1453 se
429 1406 678 1467 susciperet;
723 1415 1052 1466 tabernaculum,
1093 1416 1134 1456 in
1164 1425 1252 1469 quo

121 1483 231 1524 suam
274 1483 405 1525 sedem
450 1485 633 1538 posuisse
685 1486 912 1528 censeretur
952 1499 1024 1528 rex
1062 1485 1251 1540 Jehovaz,

124 1554 368 1595 Sacerdotes
394 1568 440 1596 ac
471 1553 673 1600 Levitae,
706 1557 775 1609 qui
807 1557 857 1598 ad
881 1558 1032 1612 regiam
1072 1557 1253 1610 pertine-

121 1635 210 1666 rent
237 1625 395 1676 aulam;
439 1625 614 1676 foedus,
654 1639 790 1681 regem
831 1628 936 1669 inter
969 1626 1168 1682 Jehovam
1208 1636 1251 1667 et

121 1695 323 1737 Israelitas
363 1695 413 1737 ad
455 1709 636 1738 montem
668 1696 906 1739 Sinaiticum
933 1695 1251 1751 splendidissime

121 1766 289 1816 initumt,
320 1778 522 1820 quamque
538 1768 585 1807 iis
601 1767 854 1822 praescripsit
867 1767 1131 1823 religionem,
1146 1764 1252 1807 mul-

124 1836 178 1876 tis
208 1836 409 1888 variisque
453 1836 597 1878 ritibus
640 1851 686 1879 ac
715 1839 947 1879 cerimoniis
972 1835 1249 1890 splendidam,

123 1917 164 1946 et
192 1918 289 1946 vero
314 1908 490 1959 praemia
517 1920 563 1948 ac
594 1920 747 1960 poenae
763 1906 1129 1961 praesentissimae,
1160 1906 1252 1960 qui-

127 1973 204 2014 bus
233 1986 305 2014 eos
332 1974 380 2015 ad
402 1975 538 2030 legum
555 1975 710 2018 suarum
740 1978 1062 2019 observationem
1087 1989 1252 2031 permo-

121 2056 214 2084 vere
235 2044 559 2099 voluitJehova3
589 2046 689 2088 haec
718 2049 853 2088 onmia
873 2046 1046 2088 sensibus
1075 2047 1252 2087 externis

123 2125 233 2153 erant
272 2117 478 2167 exposita,
524 2127 564 2156 et
604 2118 778 2159 animum
812 2130 952 2159 eorum
990 2117 1253 2158 vehementer

123 2184 361 2226 afficiebant.
435 2185 576 2240 Itaque
620 2186 704 2241 ipsa
755 2187 858 2229 mala
907 2188 1250 2247 praesentissima,

1160 2269 1250 2309 qui-
