1519 2729
521 175 784 238 (ιιι)

86 319 216 358 tiones
243 317 425 369 liberae,
468 318 518 359 ad
561 331 657 371 quas
688 317 957 372 suscipiendas
986 330 1054 358 aut
1084 319 1202 359 omit-

87 389 223 429 tendas
260 389 309 429 ab
355 389 766 430 homine‘hominem
805 389 845 429 vi
889 387 1051 429 externa
1090 401 1202 429 com-

82 457 185 512 pelli
226 457 373 511 posse,
418 459 532 511 quies
576 457 779 499 societatis
826 458 1007 512 legitime
1062 470 1203 510 postu-

83 527 141 573 lat
168 525 248 580 (1)
308 527 551 580 Imperfecta
590 539 687 581 vero
717 529 804 579 sunit
834 528 990 576 officia,
1022 540 1123 580 quae
1162 539 1206 569 ut

85 598 125 638 vi
153 609 236 638 non
266 599 502 651 exigantur,
547 597 684 638 eadem
722 598 790 641 illa
829 600 972 651 quies,
1019 611 1119 652 quae
1160 598 1209 640 ad

86 665 250 710 felicem
277 668 400 709 vitam
427 668 598 710 maxime
627 666 754 717 facit,
785 667 927 708 dise-rte
949 667 1135 721 postulat.

145 736 246 781 Duo
297 749 396 778 vero
451 737 596 778 horum
652 737 876 778 officiorum
912 738 1211 791 'perfectorum

89 807 177 849 sunt
219 819 390 861 genera,
434 819 608 858 quorum
651 806 727 847 alia
764 808 895 849 officia
932 809 972 847 in
1013 807 1208 849 abstinen-

88 876 144 916 do
174 878 394 918 confistunt
423 875 474 915 ab
503 876 550 915 iis
587 888 689 926 quae
721 877 809 918 sunt
836 878 1027 925 alterius,
1069 878 1208 918 secun-

88 946 183 988 dum
223 944 430 997 aequalem
473 946 652 984 omnium
696 944 923 988 libertatem
970 946 1078 1000 (2);
1132 947 1210 986 alia
1271 970 1276 977 ·

86 1028 186 1059 vero
216 1016 398 1057 oriuntur
424 1025 473 1053 ex
516 1012 709 1053 consensu
744 1015 988 1066 paciscentis
1017 1017 1056 1054 in
1088 1029 1217 1056 coac--

19 1109 25 1115 ·
89 1096 204 1134 tum,
250 1083 321 1125 ubi
362 1095 446 1125 non
488 1081 717 1139 impleverit
755 1083 819 1128 vel
860 1083 1073 1130 violaverit
1110 1097 1210 1127 con-

87 1156 320 1196 ventionem
348 1149 450 1206 (3).

148 1223 294 1266 Officia
336 1221 518 1275 perfecta
545 1222 632 1263 sunt
674 1235 872 1277 quatuor,
918 1237 994 1277 pro
1042 1225 1214 1266 totidem

90 1295 212 1338 bonis
263 1294 494 1346 primariis,
537 1305 637 1345 quae
677 1306 699 1334 a
742 1292 1012 1334 Pestelio
1057 1295 1081 1347 §
1121 1295 1212 1348 183.

92 1375 384 1405 enumerantur.
442 1381 487 1393 —
542 1361 662 1403 Unde
718 1362 844 1403 fluunt
896 1365 1026 1404 variae
1069 1365 1216 1405 horum

94 1436 318 1478 officiorum
343 1434 619 1488 perfectorum
647 1431 792 1480 dotes,
825 1446 951 1488 quas,
983 1445 1084 1487 age,
1116 1447 1214 1486 pau-

94 1504 155 1544 cis
208 1515 484 1556 exponamuS,
526 1513 570 1544 ut
609 1502 701 1542 inde
751 1515 885 1556 pateat
901 1523 917 1553 ,-
966 1510 1218 1558 quantopere

95 1572 204 1626 apud
226 1572 548 1614 Pestelium
585 1571 826 1624 inserviant,
857 1574 907 1617 ad
930 1575 1029 1629 juriS
1060 1574 1217 1629 obliga-

100 1643 253 1683 tionem
278 1643 610 1685 constituendam.

164 1712 228 1751 1⁰.
273 1711 318 1752 In
361 1714 495 1755 officio
534 1711 720 1766 perfecto
767 1711 878 1762 finis,
924 1714 1002 1754 five
1042 1713 1219 1766 scoan,

103 1792 223 1833 quem
262 1784 431 1836 quisque
470 1785 509 1824 in
552 1781 709 1836 agendo
766 1781 838 1823 fibi
875 1783 1098 1834 proponit,
1137 1795 1222 1825 non

107 1849 323 1903 spectatur.
351 1851 397 1883 ‘-
442 1851 621 1896 Alterius
661 1850 838 1908 libertati
869 1853 1032 1895 minime
1073 1864 1223 1899 nocere

1178 1922 1226 1964 li-

181 2045 191 2068 1
334 2045 363 2069 1.

99 2084 105 2087 ’
152 2031 217 2134 {23
241 2035 419 2134 §Qtfaselibet
448 2092 535 2125 enim
563 2090 698 2125 vIolatio
722 2089 821 2124 officii
850 2099 900 2125 est
931 2088 1094 2135 detmctx'o
1119 2091 1227 2127 alieni.

109 2148 128 2190 S
153 2148 229 2188 362.

158 2201 221 2247 (3)
247 2205 264 2248 §
290 2214 379 2247 3552
405 2205 481 2247 356·

647 2257 688 2300 H
