1519 2729
549 170 799 230 (99)

104 319 143 359 in
167 316 274 358 illius
305 311 485 356 methodi
520 311 782 353 divisionibus
826 311 1025 364 primariis
1063 306 1216 364 planta-

103 398 270 439 rumque
302 384 498 432 familiis,
541 382 655 423 hisce
695 381 992 430 subordinatis,
1039 390 1222 434 magnam

103 457 326 510 plantarum
370 454 559 507 copiam,
605 452 654 492 ab
699 464 749 492 eo
791 452 894 492 inter
935 463 1001 491 eas
1032 451 1224 492 incertae

95 523 208 581 fidis
238 525 448 572 relictam,
488 522 569 576 jam
600 521 790 580 adoptare
820 532 861 561 et
890 521 1060 562 inserere
1087 519 1224 561 value-

104 605 207 636 runt.
279 593 437 635 Notum
468 603 528 632 est
556 590 743 645 insuper,
787 590 871 632 fere
902 602 1041 632 omnes
1070 589 1226 642 plantas

105 664 338 718 Europaeas
374 665 414 703 in
456 661 652 702 methodo
688 659 982 715 Jussievia
1023 659 1088 700 sua
1115 662 1226 700 inve-

103 735 205 776 nisse
234 746 274 775 et
301 735 446 774 merito
472 732 656 785 obtinere
680 730 797 780 loca,
842 729 1052 784 solumque
1081 729 1225 770 multa-

104 819 191 846 rum
219 804 382 846 aliarum
411 802 635 856 plantarum
668 802 917 855 cognitionis
942 813 982 843 et
1001 800 1225 855 indagatio-

103 877 167 916 nis
197 875 399 917 defectum
432 873 659 928 impedire,
706 872 920 924 quominus
965 871 1038 912 hae
1062 881 1228 924 quoque

103 944 174 986 illa
211 945 251 984 in
293 943 488 984 methodo
529 943 608 984 suis
650 941 754 982 locis
789 941 1001 993 dispofitae
1043 941 1228 992 adeoque

105 1015 179 1054 rite
205 1012 458 1054 clasfificatae
489 1012 576 1053 fint.
635 1011 779 1052 Restat
807 1009 1059 1058 meminisse,
1105 1009 1225 1063 hujus

105 1081 456 1125 clasfificationum
507 1081 662 1137 generis
717 1079 894 1121 cultores
950 1091 1227 1134 patronosque

104 1152 188 1194 esse
218 1153 327 1192 viros
354 1150 530 1192 summos
559 1163 599 1192 et
629 1150 678 1191 de
705 1162 747 1191 re
790 1150 985 1191 Botanica
1022 1149 1072 1190 ab
1114 1149 1248 1189 omni.

105 1233 217 1276 parte
248 1222 403 1274 optime
432 1221 629 1270 meritos,
660 1232 813 1273 eosque
841 1219 1042 1273 dispersos
1070 1220 1225 1259 inveni-

106 1293 140 1332 ri
169 1293 206 1332 in
235 1292 354 1332 variis
384 1290 574 1345 Europae
607 1290 869 1346 regionibus,
917 1288 1079 1339 Gallia,
1124 1290 1230 1331 Ger-

108 1363 264 1410 mania,
296 1360 473 1414 Anglia,
517 1359 642 1411 alibi3
686 1360 798 1415 quod
831 1373 881 1400 eo
911 1361 1037 1414 magis
1063 1372 1228 1400 annota-

42 1463 47 1466 -
111 1434 221 1474 tione
252 1432 417 1486 dignum
443 1429 630 1480 videtur5
668 1443 751 1484 quo
780 1431 1004 1470 tenaciores
1040 1430 1230 1482 systema-

110 1514 194 1544 tum
220 1500 487 1542 artificialium
505 1530 517 1548 ‚
562 1500 793 1554 praesertim
823 1499 1100 1548 Linnaei‚
1145 1499 1229 1541 sec·

111 1585 256 1614 tatores
297 1571 395 1612 olim
435 1570 596 1612 fuerunt
640 1583 683 1613 et
720 1571 958 1613 Germaniae
989 1581 1038 1612 *et
1070 1572 1226 1624 praeci-

112 1654 190 1695 pue
220 1640 389 1695 Angliae
413 1640 616 1685 Botanici.

548 1782 572 1834 §
604 1780 796 1823 LXXIV.

171 1920 331 1963 Tertiae
359 1922 700 1971 clasfificationiS,
739 1933 786 1963 ut
813 1920 927 1974 supra
953 1920 1033 1974 jam
1077 1916 1230 1960 dictum

115 1999 202 2038 est,
249 1992 400 2044 primus
430 2003 571 2033 auctor
600 1992 677 2032 fuit
706 1991 753 2031 B.
782 1990 972 2044 Jussie
992 2003 1114 2038 vus,
1157 1988 1231 2028 hu-

113 2060 258 2115 jusque
301 2074 497 2116 cognatus
533 2062 585 2102 A.
615 2060 664 2101 L.
690 2060 992 2114 Jussievus
1038 2060 1123 2112 ejus
1153 2058 1235 2111 pri-

117 2141 203 2170 mus
225 2130 355 2171 editor
384 2132 675 2184 primarius-‚que
704 2131 919 2178 conditor,
961 2130 1123 2170 nomina
1147 2140 1231 2168 non

117 2201 268 2255 absque
310 2202 565 2242 veneratione
603 2201 773 2242 citanda.
847 2199 1122 2249 Methodum,
1156 2199 1233 2239 five

628 2271 669 2313 G
701 2281 740 2311 ε’
1152 2267 1236 2320 sys-
