1519 2729
592 145 619 201 (
675 157 729 202 73
788 143 814 199 )

580 283 766 336 ·§.1v.

655 349 665 374 't

291 418 423 464 Homo
453 421 514 464 ad
541 422 831 465 moralitatem
861 429 921 462 est
951 430 1091 464 natus.

200 560 316 602 Nihil
344 537 544 616 profect0⁰
565 563 605 602 in
632 561 796 603 homine
829 559 1143 613 contemplando
1170 571 1250 598 ma-

143 631 240 671 ioris
282 643 342 672 est
385 634 607 681 momenti,
640 645 758 685 quain
797 644 935 672 natura
961 633 1046 671 eius
1074 628 1251 670 moralis.

143 700 301 742 Veritas
356 704 462 742 enim
511 704 692 756 quamvis
733 703 866 756 magni
904 702 949 742 fit
988 699 1252 746 aestimanda,

144 783 267 824 quum
296 773 336 810 in
362 772 399 811 se
431 771 661 824 spectetur,
707 773 870 811 maioris
911 783 1041 812 tamen
1071 769 1255 810 utilitatis

144 841 317 893 acquirit
343 840 506 889 laudes,
539 843 565 883 fi
592 854 679 882 eam
708 841 981 880 existimemus
1005 851 1190 892 tanquam
1207 837 1257 878 ad

144 911 333 952 virtutem
359 922 434 950 nos
455 911 683 951 ducentem.
715 909 828 964 Quid
855 912 961 951 enim
988 911 1066 952 fine
1088 910 1133 950 ea
1158 920 1258 949 cona

144 978 297 1019 ducunt
338 978 515 1031 reliquae
570 981 690 1019 animi
730 991 770 1019 et
812 981 962 1033 ingenii
1014 977 1258 1020 facultates?

144 1047 258 1102 Quid
294 1049 401 1088 acies
439 1050 618 1090 mentis?
662 1047 749 1089 Nifi
790 1048 975 1102 voluntas
1004 1048 1100 1089 adfit
1130 1049 1258 1095 bona,

145 1131 247 1171 quae
277 1117 367 1157 illas
396 1117 607 1159 facultates
637 1120 677 1159 in
709 1118 831 1159 suum·
864 1117 978 1158 usum
1018 1127 1258 1166 convertat,

143 1187 239 1229 illae
261 1187 376 1228 valde
405 1199 554 1227 nocere
582 1187 763 1241 possunt.
798 1185 877 1241 (1)
938 1186 1052 1242 Quid
1073 1188 1260 1243 cognitio

144 1257 372 1299 officiorum
390 1286 403 1305 ‚
434 1256 535 1309 quid·
563 1259 730 1298 rationis
759 1259 1006 1298 theoreticae
1045 1258 1159 1306 usus,
1189 1258 1261 1298 nifi

143 1327 265 1367 nobis
295 1326 483 1379 impofita
516 1327 561 1367 fit
589 1326 656 1367 lex
685 1328 876 1376 moralis,
909 1328 1040 1368 sensus
1070 1326 1273 1376 moralis,-

144 1396 315 1437 studium
357 1396 549 1437 virtutis?
591 1395 689 1437 Non
725 1398 795 1438 nifi
840 1396 1047 1436 voluntate
1070 1396 1194 1436 ·bona
1222 1407 1263 1436 et

144 1468 294 1508 virtute
308 1470 326 1515 ,'
351 1465 546 1506 felicitate
576 1478 624 1506 ac
658 1465 928 1507 aestimatione
957 1466 1068 1520 digni
1095 1466 1262 1507 evadere

147 1537 386 1590 possumus:
438 1547 479 1575 et
500 1536 555 1575 'in
586 1548 638 1575 eo
678 1537 746 1577 fita
775 1548 836 1576 est
861 1537 1037 1576 hominis
1066 1536 1263 1590 praestan-

149 1607 203 1646 tia
222 1606 532 1659 summamque
559 1605 758 1660 dignitas,
801 1618 845 1648 ut
873 1608 1032 1647 virtutis
1059 1620 1106 1648 ac
1135 1620 1265 1648 mora-

149 1673 273 1717 litatis
316 1676 361 1716 fit
399 1689 553 1728 capax3
603 1677 686 1715 imo
727 1687 769 1715 et
801 1677 851 1716 ad
878 1677 1175 1726 moralitatem,
1207 1677 1265 1717 fa-

151 1743 372 1785 cultatibus
415 1745 522 1794 suis,
581 1745 630 1786 ab
663 1759 760 1796 .e0,
820 1748 888 1800 qui
934 1748 1152 1788 sanctitatis
1203 1758 1264 1787 est

152 1825 347 1864 auctor,·
375 1814 542 1869 sapienti
595 1827 637 1856 et
693 1817 873 1872 benigno
917 1816 1087 1858 consilio
1130 1815 1263 1859 faetus

153 1885 212 1926 fit.
275 1898 280 1901 ¹
810 1878 815 1886 ’

212 1953 328 1995 Hanc
374 1955 551 1997 hominis
596 1957 927 2007 destinationem,
960 1960 999 1998 in
1030 1958 1266 2000 facultatum

153 2025 239 2066 eius
270 2025 507 2069 conditione
538 2038 578 2066 et
603 2027 810 2068 harmonia
837 2029 1127 2084 conspicuam,
1171 2042 1268 2082 pau·

169 2140 172 2143 .
1209 2111 1268 2140 ClS

206 2172 268 2220 (ι)
294 2175 322 2209 K
338 2186 354 2209 a
369 2184 442 2217 nt,
465 2177 554 2212 Krit.
577 2177 634 2210 der
658 2177 754 2212 Urtl1.
775 2180 798 2213 s.
821 2187 897 2221 412.
