1519 2729
107 333 159 374 ad
195 331 402 373 meliorem
429 330 625 371 rationem
654 329 692 370 se
722 327 988 382 explicuerit,
1033 324 1159 367 statim
1182 313 1236 365 'ea

109 404 243 444 omnia
272 402 456 454 linquat,
499 409 602 454 quae
629 409 678 440 ex
706 400 836 439 minus
866 397 1048 451 perfecta
1079 395 1236 435 ratione

56 501 59 503 -
107 485 219 514 crant
237 472 450 526 profecta,
481 482 549 511 aut
574 482 620 510 ea
648 471 702 510 ita
731 470 936 523 deponat,
966 479 1012 507 ut
1037 476 1235 518 nusquam

109 545 147 584 in
165 552 371 596 posterum
387 544 629 583 recurrant(
667 539 798 580 Immo
813 549 910 580 vero
935 549 1046 579 ortae
1061 536 1237 590 primum

108 613 367 667 perfeetioris
410 612 576 652 rationis
604 611 711 663 quasi
742 605 940 651 scintillae
970 608 1053 661 ipsa
1086 607 1126 646 vi
1169 603 1236 644 sua

108 694 148 723 et
181 684 362 723 novitate
397 689 612 734 erumpunt
645 679 811 721 subinde
851 680 892 738 in
918 678 1125 725 flanimasz,
1170 672 1239 714 sed

109 763 176 792 aut
215 753 409 805 temporis
452 751 712 791 diuturnitate
756 749 987 791 debilitatae
1029 758 1096 787 aut
1121 745 1239 798 novis

110 823 284 877 objectis
340 821 637 875 impedimentis
689 821 816 862 veluti
851 812 1066 874 oppressae
1102 817 1241 873 jacent

109 892 271 933 eaedem
314 902 446 945 neque
501 891 838 944 conspiciuntm·;
883 901 923 932 at
966 889 1064 930 latet
1107 893 1254 927 tamen

109 961 182 1002 sub
227 962 360 1002 cinere
405 963 537 1015 igniS‚
580 960 681 1002 olim
726 961 834 1002 suam
877 962 960 1001 vim
995 956 1240 999 ostensurus.v

109 1029 170 1071 Ita
196 1031 332 1071 medio
351 1044 460 1070 aevo
483 1026 760 1085 jamdiu‘ante
797 1040 1012 1084 repurgata
1041 1026 1241 1069 Christia-

109 1113 255 1141 norum
285 1099 392 1141 {acra
414 1100 578 1154 majoris
602 1101 737 1143 cultus
778 1101 1035 1155 puriorisque
1076 1097 1243 1153 religio-

108 1170 170 1211 nis
197 1170 322 1211 studia
362 1181 657 1224 apparuerant,
703 1172 816 1212 brevi
841 1184 939 1220 vero
968 1180 1059 1211 ante
1087 1168 1243 1209 Luthc-

108 1253 197 1282 rum
225 1240 363 1281 eadem
393 1240 612 1293 oppressa,
643 1244 804 1295 penitus
830 1251 1095 1282 evanuerant:
1141 1248 1244 1291 quae

111 1323 244 1353 tamen
293 1322 376 1351 non
419 1310 549 1350 deleta
589 1321 728 1362 erant,
786 1311 853 1352 sed
902 1310 1068 1352 occulte
1105 1309 1244 1362 potius

108 1379 304 1436 a'gebant,
320 1391 489 1432 eamque
508 1381 665 1422 tandem
682 1393 928 1436 pepererunt
943 1381 1076 1421 lucem
1094 1410 1107 1428 .,
1139 1390 1243 1432 quae

109 1450 281 1492 Lutlieri
309 1460 438 1490 aetate
467 1450 654 1505 religioni
692 1450 920 1507 litterisque
955 1449 1110 1492 affulsit.
1170 1448 1244 1489 Pa-

111 1523 328 1562 riter‘ante
358 1521 692 1562 Mohammedcm
717 1522 853 1575 plures
892 1522 974 1576 jam
1015 1519 1246 1562 exstiterant

111 1591 161 1632 de
190 1591 309 1645 hujus
336 1604 456 1647 gente
485 1590 667 1641 Arabes,
707 1593 776 1646 qni
805 1592 1005 1645 populum
1043 1590 1155 1631 suum
1195 1589 1246 1629 ab

0 1675 3 1687 ’
51 1657 55 1661 ’
111 1661 342 1703 idololatria
369 1661 569 1702 abducere
600 1674 640 1702 et
669 1663 719 1704 ad
745 1662 968 1716 simplicem
1007 1660 1250 1702 Abrahami—

114 1733 217 1774 ticae
244 1732 455 1787 religionis
482 1732 655 1773 formam
691 1733 872 1787 redigere
914 1731 1167 1778 studuerant,
1209 1741 1250 1771 at

113 1803 272 1844 frustra.
333 1802 377 1843 In
403 1802 490 1842 dies
517 1804 624 1843 enim
655 1814 838 1844 crescere
866 1803 1079 1845 videbatur
1115 1800 1252 1842 idolo-

115 1885 204 1912 rum
228 1871 376 1912 cultus.
434 1870 625 1912 Attamen
657 1875 748 1926 quis
774 1886 856 1914 non
885 1873 1048 1922 credat,
1094 1874 1251 1913 animos

115 1941 299 1982 Arabum
338 1939 474 1982 sensim
506 1942 782 1997 paulatimque
811 1944 862 1984 ad
890 1943 932 1984 id
972 1941 1094 1983 fuisse
1135 1927 1251 1994 prae·

113 2024 308 2066 paratos.,
354 2022 399 2052 ut
440 2013 649 2064 puriorem
701 2016 937 2067 acciperent
977 2000 1252 2067 religionem?

115 2082 303 2136 Namque
325 2083 392 2122 vix
423 2082 624 2124 exstiterat
653 2083 988 2132 Mohammedes,
1021 2084 1118 2136 quin
1148 2081 1252 2123 mul-

113 2154 141 2192 ti
182 2153 232 2193 ab
273 2140 501 2195 idololatria
544 2155 804 2196 vehementer
846 2153 885 2195 se
923 2152 1077 2195 alienos
1117 2164 1252 2195 osten-

111 2223 263 2265 derent.

1193 2292 1253 2336 Ita
