1519 2729
544 198 767 266 (αι)

93 344 275 398 quamvis
303 353 443 384 recens
469 351 611 390 natus,
653 340 851 382 continuo
894 334 1090 379 mamillas
1129 348 1213 378 ma·

95 415 166 455 tris
206 414 373 466 quaerit.
461 411 614 453 Mirum
652 409 845 464 profecto
887 408 1008 449 nobis
1033 407 1214 458 accidit,

95 484 231 524 omnia
262 482 361 524 haec
390 483 625 531 animantia,
666 481 716 522 ab
757 480 970 534 elephante
1011 490 1138 532 usque
1164 477 1215 518 ad

96 564 304 603 muscam,
336 544 457 592 vitam
486 549 702 593 sustentare
732 551 884 616 posse:z
924 562 1055 603 neque
1084 547 1215 589 ullum

96 635 222 677 genus
251 622 305 663 ab'
340 621 421 662 alio
465 621 620 672 deleri,
666 621 849 675 quamvis
878 618 1048 659 alterum
1075 617 1211 658 alteri-

95 703 143 740 us
183 690 228 733 fit
267 691 489 744 pabulum:
535 702 576 732 et
613 692 740 747 magis
767 691 886 730 etiam
914 689 953 730 in
983 686 1214 729 admiratio-

95 773 188 802 nem
230 763 480 815 abripimur,
525 764 553 804 fi
593 772 744 803 attente
786 757 1138 812 contemplemur,
1175 768 1216 799 et

96 833 294 872 rationem
311 862 323 882 ,
356 845 433 885 qua
460 843 601 889 contra
629 830 873 873 adversarios
902 828 940 869 se
969 827 1216 878 defendunt,

95 912 138 941 et
161 914 246 941 eam
264 931 277 950 ,
309 915 386 954 qua
412 902 562 957 fingula
592 899 789 955 peculiari
813 899 935 940 modo
964 898 1036 939 fibi
1061 899 1217 940 victum

95 982 346 1023 comparant.
407 984 452 992 -
512 971 645 1012 Unam
700 969 950 1010 attendamus
1005 980 1218 1017 araneam,

95 1048 248 1088 quanto
290 1040 414 1080 utitur
453 1041 658 1089 artificio,
701 1051 785 1092 quo
816 1039 843 1079 fi
872 1037 1054 1078 destituta
1083 1037 1215 1088 esset,

95 1117 175 1157 qua
218 1107 374 1148 tandem
415 1110 599 1159 ratione,
652 1120 703 1150 ex
745 1108 907 1148 insectis
949 1107 1214 1157 volatilibus,

94 1175 261 1228 praedas
303 1177 374 1219 fibi
403 1178 537 1220 facere
571 1178 742 1234 posset?
787 1178 936 1220 Vide-as
975 1189 1130 1219 textum
1169 1176 1218 1218 il-

93 1244 165 1287 lud
196 1258 359 1288 araneae
387 1248 706 1301 pulcherrimum
731 1260 771 1289 et
799 1247 950 1289 summa
977 1259 1060 1289 arte
1101 1259 1215 1289 com-

94 1317 268 1371 positum
286 1347 299 1367 ,
324 1331 428 1371 ‘quo
456 1320 690 1361 irretiuntur
716 1317 911 1361 volatilia.
985 1317 1092 1373 Quis
1126 1329 1215 1358 eam

95 1385 321 1427 mirabilem
352 1388 495 1430 docuit
522 1401 673 1438 artem,
709 1378 796 1441 ‘qua
834 1399 920 1428 rete
960 1388 1128 1438 condit,
1173 1397 1216 1428 et

94 1456 152 1515 ita
185 1458 426 1509 componit,
468 1470 513 1500 ut
553 1457 713 1500 meliori
747 1457 910 1510 quidem
947 1457 1072 1498 modo
1111 1457 1216 1499 effici

96 1527 302 1578 nequeat?
331 1525 438 1568 Nam
468 1529 495 1569 fi
523 1541 559 1570 e.
590 1538 631 1583 g.
660 1527 857 1569 foramina
880 1526 1010 1568 essent
1035 1530 1214 1578 maiora,

97 1595 251 1635 minora
290 1596 439 1638 insecta
476 1611 560 1639 non
600 1600 878 1646 irretirentur:,
933 1608 1008 1639 nec
1047 1597 1217 1651 prodes-

99 1664 182 1704 sent
223 1664 341 1704 etiam
379 1668 598 1709 maioribus
640 1668 874 1723 capiendis,
919 1668 1074 1721 quippe
1116 1681 1219 1722 quae

98 1741 181 1772 rete
207 1731 446 1787 frangerent.
464 1735 545 1790 (1)

156 1798 360 1855 Conspicc
398 1817 522 1860 apes,
578 1818 619 1848 et
658 1808 863 1850 admireris
892 1808 1135 1850 insectorum
1164 1807 1215 1849 il-

96 1869 230 1910 lorum
259 1871 437 1915 ordinem
455 1904 468 1925 ,
500 1878 814 1928 oeconomiam,
845 1878 1081 1920 industriam
1114 1878 1227 1930 sum-f

99 1951 226 1990 mam,
256 1941 430 1994 quibus,

133 2075 135 2078 -
186 2054 349 2089 Venturae
370 2055 481 2100 hyemis
503 2069 666 2100 memores,
688 2060 808 2105 aestate
828 2063 964 2097 laborem

184 2110 427 2156 Experiuntur,
448 2122 481 2149 et
502 2118 536 2149 in
558 2117 692 2152 medium
715 2119 855 2165 quaest'ta
875 2127 1040 2165 reponunt.
1063 2116 1128 2165 (2)
1153 2128 1156 2131 '
1201 2124 1209 2132 ‘
1227 2117 1232 2121 ”

143 2223 850 2275 (1)Reimarus‚t.a.p.bl.380.
1152 2175 1220 2245 'a‘

144 2280 206 2327 (2)
232 2283 492 2327 Virgilius
510 2310 520 2327 ,
543 2288 655 2332 Georg.
675 2288 715 2324 L.
739 2290 799 2326 1V.
822 2301 872 2326 vs.
898 2289 981 2336 1561,
1007 2299 1081 2335 157.
