1519 2729
573 188 603 245 <
801 184 826 242 >

137 326 387 383 perfectiora·
412 328 703 382 progignentes
723 324 936 374 animalia,
968 321 1125 364 tandem
1153 335 1261 376 pro·-

139 397 325 437 duxerint
356 399 576 438 hominem.
665 396 756 437 Nos
787 408 883 436 vcro
911 405 1024 434 antea
1051 394 1248 447 exemplis

137 469 192 508 ufi
222 467 371 508 fuimus
403 467 632 508 animalium
662 468 711 508 ab
757 466 914 520 origine
955 464 1261 511 remotiorum,

138 549 183 578 ut
217 537 313 577 fines
349 537 430 579 Dei
454 539 743 579 indicaremus:
778 536 886 575 'haec
915 545 1014 573 vero
1040 531 1123 572 esse
1149 543 1249 572 con-

140 608 355 661 tingentia,
393 619 462 657 et,
504 621 580 648 nec
612 608 732 657 casu,
777 619 853 646 nec
879 604 1113 645 mechanica
1139 612 1253 641 natu-

140 690 204 718 rae
246 679 427 726 ratione,
483 690 558 718 nec
589 661 702 719 fatali
749 676 982 717 necesfitate
1032 670 1252 719 exstitisse,
1300 689 1307 692 -

140 759 260 800 atque
287 747 388 787 adeo
409 747 558 800 placita
575 747 915 800 philosophorum
934 775 946 791 ,
977 743 1091 796 supra
1106 740 1255 795 allega·

142 827 208 864 ta,
237 818 454 858 reiicienda
489 818 598 865 esse,
630 818 770 871 paucis
799 816 972 870 probare
1002 813 1199 854 conabor.

199 883 495 939 Epicurus
538 898 698 928 atomos
739 888 794 926 ita
835 884 1019 926 deorsum
1049 882 1156 923 -ferri
1196 881 1255 922 di-

141 956 227 1006 xit,
283 967 328 996 ut
370 968 452 997 eae·
481 957 734 1010 perpaullum
775 955 979 996 declinent
1027 964 1148 1005 atque
1202 953 1258 991 ita

140 1027 245 1066 inter
287 1025 367 1065 sese
415 1023 494 1079 (Ι)
539 1028 845 1080 coniungantur.
919 1022 1080 1064 Dela
1121 1021 1207 1062 Me
1226 1032 1295 1074 t-v

143 1096 254 1135 trie
311 1095 483 1136 monstra
547 1096 698 1146 multa,
759 1094 902 1136 deinde
949 1104 991 1133 et
1047 1090 1259 1141 animalia,

142 1165 287 1219 sponte
340 1165 434 1215 sua,
495 1179 544 1208 ex
597 1179 699 1208 terra
755 1167 850 1206 oriri
891 1163 1120 1205 affirmavit:
1190 1172 1259 1199 ve-

143 1249 232 1277 rum
281 1235 381 1276 alter
422 1236 736 1278 declinationem
781 1237 925 1284 istam,
979 1232 1080 1274 alter
1135 1232 1260 1285 origi-

142 1318 234 1346 nem
262 1306 520 1356 animalium,
550 1320 626 1360 pro
652 1307 770 1347 libitu
800 1306 945 1359 fingit,
987 1314 1027 1342 et
1055 1301 1144 1342 casu
1162 1330 1174 1350 ‚
1219 1299 1263 1340 id

143 1386 230 1424 est,
277 1377 355 1417 fine
390 1376 531 1432 causa,
579 1378 677 1418 haec
722 1375 906 1418 accidere
941 1372 1104 1422 censet3
1148 1369 1261 1423 quod

144 1444 336 1498 profecto
373 1459 516 1488 vanum
555 1459 642 1496 est,
688 1460 728 1488 et
777 1461 799 1487 a
841 1446 963 1486 nobis
1000 1455 1050 1483 ne
1088 1440 1262 1495 cogitari

147 1516 311 1568 quidem
353 1529 504 1570 potest.
595 1517 750 1572 Quodfi
789 1528 887 1557 vero
931 1511 1150 1555 concursus
1192 1509 1263 1550 ille

147 1584 339 1627 fortuitus
365 1586 504 1628 locum
536 1587 720 1628 obtinere
757 1585 922 1640 posset,
968 1585 1093 1624 miror
1129 1592 1262 1622 tamen

146 1654 297 1705 fuisse,
354 1659 423 1710 qui
449 1657 536 1698 .fibi
579 1658 853 1710 persuaderet,
899 1656 953 1695 ita
997 1655 1103 1694 hunc
1148 1663 1263 1692 mun-

148 1723 247 1765 dum
291 1729 580 1768 ornatissimum
611 1740 651 1767 et
692 1727 1008 1781 pulcherrimum
1050 1724 1152 1764 effici
1185 1734 1261 1774 po-

150 1795 284 1836 tuisse.
344 1794 434 1838 Hoc
464 1798 538 1851 qui
568 1799 790 1840 existimat
814 1795 917 1852 fieri
935 1795 1080 1849 ‘potuis
1102 1807 1151 1842 ε,
1184 1804 1264 1832 non

150 1854 343 1920 intelligo
372 1879 448 1907 cur
477 1881 555 1909 non
589 1869 697 1910 idem
717 1877 868 1923 putet,
899 1863 946 1919 ,β
971 1861 1262 1905 innumerabi-

148 1935 208 1976 les
223 1956 265 1966 -
275 1934 444 1991 formae
472 1938 704 1980 literarum
721 1960 763 1980 -,-
779 1938 922 1991 aliquo
945 1933 1231 1976 coniiciuntur
1246 1959 1261 1980 ,

138 2003 257 2060 posse
286 2019 340 2047 ex
368 2006 433 2048 lzis
475 2009 519 2050 in
547 2018 715 2050 terram
743 2005 917 2060 excussis
948 2004 1130 2047 annales
1166 2001 1262 2042 En-

1148 2084 1261 2123 nii,

191 2218 254 2267 (1)
278 2223 381 2259 Cic.
403 2226 441 2259 de
467 2225 539 2261 Fin.
558 2226 601 2262 L.
629 2227 658 2262 1.
681 2227 775 2261 c..6.
