1519 2729
586 165 812 225 (55)

124 307 370 364 Quicunque
393 307 562 362 aliquod
590 307 793 349 habebant
821 307 899 349 five
935 305 1111 355 sacrum,
1157 304 1238 347 five

123 377 270 428 civile,
316 379 392 419 five
441 378 661 433 judiciale,
710 378 777 419 seu
821 376 1017 418 bellicum
1061 388 1235 425 munuS,

123 448 221 496 hoe
245 460 268 488 a
298 449 482 502 principe
511 448 582 489 suo
609 447 768 502 Jehova
808 446 1024 496 tenebant,
1068 447 1238 500 ejusque

121 518 314 573 gerebant
343 529 383 559 et
404 519 569 559 nomine
598 529 638 559 et
666 517 871 572 auspiciis.
934 516 1173 558 Sacerdotes
1189 528 1238 557 ac

122 587 288 629 Levitae
332 601 425 630 cum
451 589 501 629 ad
528 589 652 630 divini
682 587 844 637 cultus,
889 599 975 628 tum
1017 586 1067 627 ad
1103 586 1240 641 regiae

122 657 235 700 aulae
266 657 521 712 splendorem
553 659 838 713 pertinebant,
877 662 1070 711 erantque
1097 667 1138 696 et
1164 668 1241 709 pu-

121 728 254 769 blicae
283 728 494 784 religionis
524 727 820 778 sustentacula,
851 738 891 768 et
920 728 1150 769 communis
1175 726 1241 780 ju-

119 800 174 839 ris
189 799 428 852 interpretes
456 812 503 840 ac
531 799 725 840 vindices.
772 798 870 855 Quo
894 798 1146 852 potisfimum
1174 808 1237 836 re-

119 869 272 923 gimine
298 868 453 922 Jehova
483 881 643 910 omnem
674 870 723 910 ad
750 868 885 922 plures
901 868 1018 911 Deos
1042 866 1241 908 colendos

118 938 340 979 interclusit
360 939 525 979 aditum.
559 939 757 993 Quisquis
779 941 885 979 enim
915 953 937 978 a
964 951 1059 993 rege
1082 937 1242 991 Jehova

118 1009 364 1049 descisceret
407 1008 587 1050 Israelita
639 1008 840 1061 Deosque
882 1009 1121 1063 peregrinos
1169 1018 1240 1047 ve-

117 1090 355 1127 neraretur,
402 1078 470 1121 hic
496 1091 579 1119 non
619 1079 744 1120 modo
774 1078 949 1120 summae
991 1077 1243 1131 impietatis,

116 1161 256 1190 verum
293 1151 444 1199 etiam,
493 1149 607 1203 quod
639 1151 858 1191 maximum
890 1161 951 1190 est
979 1150 1020 1189 in
1044 1147 1242 1197 Oriente,

114 1218 242 1260 laesae
271 1219 482 1274 majestatis
512 1222 665 1261 crimen
695 1219 944 1261 commifisse
985 1218 1240 1260 censebatur.

117 1287 333 1344 Quocirca
361 1290 401 1329 in
433 1289 621 1345 decalogi
648 1289 810 1344 legibus
842 1299 934 1330 ante
976 1291 1112 1330 onmia
1147 1288 1241 1342 plu-

114 1347 220 1398 rium
251 1357 437 1399 Deorum
467 1358 601 1400 cultus
629 1360 900 1412 prohibetur,
944 1372 991 1400 ac
1032 1358 1240 1413 subjungi*

116 1438 180 1468 tur
219 1426 287 1468 lex
326 1428 375 1469 de
418 1429 585 1468 vitando
621 1442 953 1482 quarumcunque
981 1428 1064 1470 Dei
1098 1429 1240 1482 imagi-

115 1509 210 1538 num
235 1497 377 1550 cultu,
411 1501 480 1552 qui
512 1511 606 1539 cum
636 1499 876 1541 sanctissima
913 1499 1114 1554 religione
1156 1510 1239 1539 non

116 1570 383 1620 conveniret,
414 1570 463 1610 ab
488 1558 628 1624 veoque
658 1569 854 1624 perfacile
892 1569 1112 1611 abduceret
1153 1569 1239 1609 ani-

117 1637 237 1678 mos”
269 1637 366 1693 (a).
420 1662 425 1673 ‚

126 1741 130 1745 Α
156 1708 311 1762 Atque
340 1709 438 1751 haec
465 1708 738 1752 Theocratica
768 1712 977 1766 regiminis
1007 1710 1139 1750 forma
1152 1711 1237 1751 exi-

116 1777 197 1817 mie
226 1791 456 1830 comparata
487 1791 572 1821 erat
594 1768 649 1822 ad⁷
671 1780 902 1834 pellendum
928 1782 1237 1835 peregrinorum

115 1845 303 1887 Deorum
330 1849 501 1891 cultum.
564 1849 753 1905 Namque
777 1853 924 1893 caeteri
953 1851 1098 1905 populi
1116 1850 1235 1891 Deos

115 1916 187 1956 fibi
217 1919 485 1970 cogitabant,
522 1934 693 1973 quorum
719 1922 786 1962 alii
817 1921 905 1962 aliis
935 1921 1152 1961 virtutibus
1172 1934 1233 1961 es-

115 1985 201 2027 sent
255 1988 457 2043 infignes,
503 1990 571 2031 alii
616 1992 842 2045 praeessent
883 1990 1152 2046 agriculturae
1196 2001 1238 2031 et

113 2068 388 2109 mercaturae,
422 2051 574 2102 bellum
603 2062 924 2103 administrarent
952 2060 1034 2102 alii.
1105 2060 1232 2114 Jeho-

1178 2143 1228 2172 va

23 2243 26 2246 ,
88 2254 95 2267 .
129 2231 136 2236 -
155 2204 222 2252 (a)
246 2207 326 2243 Sunt
339 2209 413 2243 fere
428 2209 530 2244 verba
544 2211 596 2246 Cl.
613 2211 756 2253 Patavii,
771 2209 884 2254 Antiq.
900 2209 1055 2253 Hebr.2p.
1069 2220 1087 2243 2
1092 2218 1234 2254 37-239.
