1519 2729
571 214 801 281 (69)

121 357 304 417 possint,
352 367 526 414 quantos
563 358 649 413 jam
689 358 850 401 fructus
879 354 1044 398 tulerint
1073 353 1263 398 sacrainn

119 430 254 471 stituta
293 429 449 478 omnia,
493 440 595 482 quae
638 428 849 484 hucusque
891 426 1159 481 contemplati
1196 425 1260 468 su-

121 510 224 540 mus.
287 499 366 540 Sed
405 498 579 553 majores
606 499 726 540 etiam
754 500 795 540 in
839 498 952 540 cultu
988 498 1127 539 divino
1163 509 1261 551 pro-

118 569 275 624 gressus
305 569 490 610 fecerunt
520 568 713 611 Hebraei.
775 568 875 625 Quo
905 569 1042 624 plures
1069 568 1176 608 enim
1199 568 1261 607 in—

118 640 382 681 veniebantur
419 652 566 695 regeS‚
609 641 680 693 qui
721 640 881 682 civibus
924 640 1002 681 suis
1043 639 1259 692 pessimum

117 711 360 769 praeberent
388 709 621 763 exemplum
639 738 652 760 ‚
689 723 741 753 eo
771 711 890 765 plura
920 710 1140 764 majestatis
1168 709 1266 750 suaet

115 791 157 821 et
197 782 404 834 potentiae
448 781 694 822 documenta
719 781 830 823 dedit
856 781 1067 836 Jehovazs
1087 793 1139 820 eo
1166 778 1258 832 plu-

116 864 178 891 res
215 852 385 892 ·excitati
415 852 503 892 sunt
530 851 786 905 prophetae,
832 851 903 904 qui
949 851 1027 892 five
1069 848 1258 890 docendo

48 906 50 908 ‚
114 924 156 961 e‘t
197 920 450 961 adhortando
486 932 526 961 et
559 921 669 962 dicta
704 920 911 962 miraculis
944 919 1258 968 confirmando,

115 991 192 1032 five
221 990 421 1043 improbis
457 990 560 1032 mala
595 991 825 1045 gravissima
862 1000 901 1030 et
929 989 1115 1030 exsilium
1154 987 1259 1029 adeo

113 1059 364 1110 minitando,
411 1061 578 1113 optimis
615 1073 715 1102 vero
756 1059 988 1114 quibusque
1017 1058 1130 1100 nulla
1173 1070 1261 1098 non

68 1118 73 1125 ⁵
112 1130 220 1172 bona
236 1141 278 1171 et
303 1131 475 1172 reditum
501 1132 542 1172 in
564 1132 733 1186 patriam
763 1121 1078 1185 promittendo,
1109 1128 1260 1184 populi

111 1202 269 1242 animos
296 1213 606 1254 praepararent,
648 1203 720 1255 qui
757 1213 848 1244 tuto
878 1204 919 1242 in
952 1200 1136 1243 exsilium
1165 1201 1259 1240 mit-

114 1271 174 1323 ti...
206 1260 478 1325 geutes'inter
507 1270 746 1312 idololatras
774 1271 952 1322 versari,
991 1282 1033 1311 et
1057 1270 1138 1310 hoc
1165 1267 1257 1322 ipso

113 1337 253 1380 exsilio
296 1352 318 1380 a
360 1339 640 1393 polytheismo
684 1343 846 1394 penitus
896 1341 1060 1382 avocari
1103 1339 1256 1394 posset.

91 1402 242 1449 ssErant
264 1411 373 1450 enim
404 1410 629 1463 prophetae
659 1411 842 1452 universe
869 1412 975 1461 viri‚
1016 1411 1116 1465 qui,
1160 1409 1257 1452 dum

113 1478 316 1520 sacrorum
346 1482 516 1522 ministri
546 1493 709 1531 rerum,
741 1481 791 1522 ad
819 1481 956 1523 cultus
991 1482 1148 1523 externi
1177 1480 1253 1521 ob-

114 1547 376 1592 servationem
399 1552 689 1604 pertinentium
706 1582 719 1601 ‚
753 1565 890 1593 curam
918 1552 1140 1607 gerebant,
1172 1553 1254 1594 hoc

115 1618 368 1673 spectarent,
399 1634 443 1662 ut
471 1623 619 1679 religio
651 1622 837 1665 Mosaica
868 1623 918 1664 ad
952 1624 1148 1664 internam
1193 1623 1255 1664 su-

113 1691 242 1743 premi
269 1689 460 1733 Numinis
482 1694 812 1739 venerationem,
860 1692 1069 1746 ipsamque
1093 1705 1254 1733 morum

113 1760 359 1813 probitatem
400 1774 520 1815 atque
558 1764 831 1817 integritatem
875 1763 1125 1804 conduceret
1155 1760 1253 1817 (a).

114 1829 233 1886 Quas¹
271 1844 403 1873 autem
449 1832 497 1873 de
540 1832 698 1874 summo
734 1832 915 1875 Numine
945 1833 1153 1875 tradebant
1178 1847 1254 1874 no-

116 1902 249 1941 tiones
266 1932 278 1949 ,
312 1914 389 1942 tam
414 1901 541 1943 elatae
567 1915 681 1944 erant
704 1914 744 1944 et
770 1903 961 1944 sublimes
981 1934 994 1952 ‚
1038 1915 1109 1952 ut,
1156 1916 1255 1957 quas

112 1983 209 2025 post
251 1972 393 2032 MOfis.
424 1979 594 2013 aetatem
632 1975 709 2014 viri
747 1975 899 2027 quique
927 1973 1254 2015 excellentisfimi

111 2041 484 2095 amplificavcrant,
529 2055 594 2084 eas
638 2043 864 2097 prophetae
898 2043 948 2084 ad
976 2035 1254 2098 praestantiam

1189 2126 1252 2154 re·

157 2248 221 2295 (a)
247 2252 393 2292 Pareau,
418 2251 532 2296 Antiq.
556 2253 664 2289 Hebr.
687 2262 764 2298 pag.
788 2260 863 2296 17¹·
