1519 2729
714 170 741 226 (
804 173 853 216 18
913 167 938 226 )

268 305 375 353 Tum
401 323 500 352 vero
528 309 772 362 dispergitur.
799 306 932 349 semen
948 338 965 358 5
993 320 1040 349 ac
1067 306 1200 349 telluri
1229 308 1389 351 manda-

266 393 351 423 tum
389 382 588 436 germinat
615 378 761 420 crescit
794 378 1114 431 efflorescitque,
1158 389 1203 420 ut
1243 379 1390 420 iterum

267 451 399 493 officia
429 450 496 492 sua
525 461 566 491 et
594 448 866 490 emolumenta
893 447 1077 502 praestet.
1316 489 1318 491 ,

325 519 444 576 Quot
490 521 614 575 igitur
652 530 693 559 et
731 530 880 571 quanta
914 518 984 559 hic
1011 519 1298 572 requiruntur,
1341 515 1394 559 acl

265 590 365 631 fines
394 592 469 630 rite
496 587 790 642 assequendos!
821 606 855 613 -
884 587 1066 643 Quarum
1097 600 1229 629 rerum
1271 589 1298 630 fi
1327 585 1393 628 vel

262 661 430 701 minima
470 672 560 713 pars
600 659 755 699 abesset
775 686 788 706 ,
829 668 986 698 caetera
1026 656 1164 710 saepe,
1210 657 1394 710 quamvis

264 729 575 770 accommodate
608 728 841 776 instructa‚‘
873 727 1045 769 consilio
1067 727 1293 768 satisfacere
1321 726 1394 767 suo

263 811 516 851 nequaquam
543 797 723 852 possent.
1116 850 1118 853 v
1327 832 1332 835 .

320 866 377 908 Et
406 867 597 921 quorsum
625 867 724 908 haec
748 869 887 908 omnia
919 866 1119 909 tendunt?
1150 885 1196 894 —
1226 866 1394 908 Suinon

261 936 426 978 conscia
450 948 510 976 est
542 949 681 977 natura
707 937 978 992 vegetabilis,
1011 949 1051 978 et
1066 937 1160 978 ideo
1185 950 1272 978 eam
1304 936 1394 977 suae

261 995 386 1058 ipfius'
411 1006 524 1046 causa
552 1005 702 1046 exstare
729 1019 853 1048 nemo
881 1015 1058 1060 unquam
1074 1007 1234 1048 dixerit.
1281 1006 1394 1048 Scite

260 1088 360 1117 vero
397 1075 774 1130 Chrysippus
826 1077 1120 1118 animadvertit.
1167 1074 1248 1130 (1)
1333 1074 1395 1116 Ut

261 1146 396 1201 clypei
444 1143 576 1200 causa
632 1147 929 1196 involucrum,
989 1148 1197 1202 vaginam
1247 1154 1396 1188 autem

257 1217 427 1272 gladii,
467 1215 527 1269 fic
546 1214 701 1270 fruges
730 1225 860 1271 atque
874 1215 1052 1272 fructus
1070 1249 1083 1266 ,
1129 1220 1245 1272 quos·
1266 1225 1394 1257 terra

256 1288 432 1341 gignit,
485 1275 774 1327 animantium
816 1283 950 1342 causa
992 1286 1117 1327 oriri.
1193 1285 1274 1327 Sed
1311 1286 1393 1328 hoc

259 1357 492 1406 afferendo,
525 1357 574 1397 de
602 1356 727 1405 cibo,
774 1356 825 1398 ad
854 1355 1067 1398 animalem
1095 1357 1219 1398 vitam
1247 1355 1395 1397 susten·

252 1427 419 1467 -tandam
459 1426 702 1474 utilissimo,
756 1439 880 1481 quem
920 1437 1099 1480 regnum
1157 1425 1394 1482 vegezabile

258 1498 453 1547 exhibet,
513 1508 595 1536 non
640 1507 792 1538 tantum
827 1495 952 1545 dico:,
992 1507 1125 1548 neque
1161 1496 1202 1535 in
1252 1496 1395 1536 iucun-

258 1568 413 1621 ditate,
446 1579 564 1620 quam
582 1597 595 1616 ‚
626 1579 768 1608 nostro
797 1566 926 1609 sensui
956 1565 1150 1618 pulchri,
1183 1577 1277 1606 cum
1302 1577 1392 1606 caea

259 1649 345 1679 tera
386 1637 673 1690 suppeditant,
741 1649 826 1678 tum
865 1635 1097 1689 praesertim
1137 1635 1257 1677 flores
1296 1628 1392 1676 affe·

260 1720 382 1756 runt,
413 1708 614 1756 subfist03
644 1719 711 1748 aut
740 1707 895 1747 nonnifl
930 1706 979 1746 de
1003 1706 1277 1761 agricultura,
1322 1717 1393 1760 ge-

259 1781 368 1820 neris
397 1779 559 1819 humani
591 1778 791 1826 cultrice,
822 1776 988 1827 refero;
1035 1776 1102 1818 sed
1131 1787 1172 1817 et
1211 1776 1263 1817 ad
1299 1775 1392 1816 her-

261 1850 380 1899 bas,v
409 1835 577 1901 quarum
620 1850 700 1889 vim
743 1847 984 1889 salutiferam
1033 1847 1281 1900 experientia
1317 1845 1393 1887 do-

260 1922 373 1967 cuit,
417 1919 623 1973 respicio,
676 1931 715 1959 et
765 1920 986 1972 benignum
1032 1915 1134 1958 illud
1178 1915 1388 1957 confilium

259 1991 430 2043 specto,
474 2003 559 2043 quo
603 1988 846 2043 vegetabilia
889 1986 1110 2040 suscipiunt
1165 1987 1295 2026 ae'rem
1337 1985 1388 2026 ab

257 2061 527 2102 animantibus
597 2071 835 2114 corruptum
903 2059 1034 2111 iisque
1092 2058 1258 2099 noxium
1277 2086 1290 2103 ‚
1347 2067 1392 2096 et

762 2137 766 2142 ·
1272 2137 1386 2180 prae·

303 2204 368 2252 (ι)
391 2207 420 2241 C
437 2207 492 2241 ic.
515 2208 553 2241 de
575 2215 646 2242 nat.
676 2208 773 2241 Deor.
798 2207 839 2243 L.
863 2208 907 2242 11.
931 2215 963 2240 c.
986 2216 1041 2250 27.
