<?xml version="1.0" encoding="UTF-8"?>
<!DOCTYPE html PUBLIC "-//W3C//DTD XHTML 1.0 Transitional//EN"
    "http://www.w3.org/TR/xhtml1/DTD/xhtml1-transitional.dtd">
<html xmlns="http://www.w3.org/1999/xhtml" xml:lang="en" lang="en">
 <head>
  <title>
</title>
<meta http-equiv="Content-Type" content="text/html;charset=utf-8" />
  <meta name='ocr-system' content='tesseract 3.04.00' />
  <meta name='ocr-capabilities' content='ocr_page ocr_carea ocr_par ocr_line ocrx_word'/>
</head>
<body>
  <div class='ocr_page' id='page_1' title='image "annalesacademiae22acad_0132.png"; bbox 0 0 1519 2729; ppageno 0'>
   <div class='ocr_carea' id='block_1_1' title="bbox 695 183 918 242">
    <p class='ocr_par' dir='ltr' id='par_1_1' title="bbox 695 183 918 242">
     <span class='ocr_line' id='line_1_1' title="bbox 695 183 918 242; baseline -0.013 0"><span class='ocrx_word' id='word_1_1' title='bbox 695 183 918 242; x_wconf 79' lang='lat'>(16)</span> 
     </span>
    </p>
   </div>
   <div class='ocr_carea' id='block_1_2' title="bbox 235 319 1399 2146">
    <p class='ocr_par' dir='ltr' id='par_1_2' title="bbox 235 319 1373 1201">
     <span class='ocr_line' id='line_1_2' title="bbox 239 319 1371 378; baseline -0.004 -13"><span class='ocrx_word' id='word_1_2' title='bbox 239 324 375 378; x_wconf 76' lang='lat' dir='ltr'>ipsum</span> <span class='ocrx_word' id='word_1_3' title='bbox 402 325 442 364; x_wconf 93' lang='lat' dir='ltr'>in</span> <span class='ocrx_word' id='word_1_4' title='bbox 468 323 773 365; x_wconf 81' lang='lat' dir='ltr'>admirationem</span> <span class='ocrx_word' id='word_1_5' title='bbox 803 320 993 364; x_wconf 86' lang='lat' dir='ltr'>summam</span> <span class='ocrx_word' id='word_1_6' title='bbox 1021 320 1238 362; x_wconf 83' lang='lat' dir='ltr'>adducunt.</span> <span class='ocrx_word' id='word_1_7' title='bbox 1259 319 1371 362; x_wconf 78' lang='lat' dir='ltr'>&#39;Per-</span> 
     </span>
     <span class='ocr_line' id='line_1_3' title="bbox 235 390 1371 444; baseline -0.005 -9"><span class='ocrx_word' id='word_1_8' title='bbox 235 394 444 436; x_wconf 81' lang='lat' dir='ltr'>-scrutandi</span> <span class='ocrx_word' id='word_1_9' title='bbox 471 405 512 434; x_wconf 90' lang='lat' dir='ltr'>et</span> <span class='ocrx_word' id='word_1_10' title='bbox 542 393 779 434; x_wconf 78' lang='lat' dir='ltr'>observandi</span> <span class='ocrx_word' id='word_1_11' title='bbox 806 391 933 433; x_wconf 88' lang='lat' dir='ltr'>studio</span> <span class='ocrx_word' id='word_1_12' title='bbox 950 422 962 440; x_wconf 90' lang='lat'><strong>‚</strong></span> <span class='ocrx_word' id='word_1_13' title='bbox 1000 391 1112 444; x_wconf 89' lang='lat' dir='ltr'>quod</span> <span class='ocrx_word' id='word_1_14' title='bbox 1142 403 1164 429; x_wconf 86' lang='lat' dir='ltr'>e</span> <span class='ocrx_word' id='word_1_15' title='bbox 1190 390 1371 430; x_wconf 82' lang='lat' dir='ltr'>sensuum</span> 
     </span>
     <span class='ocr_line' id='line_1_4' title="bbox 241 456 1371 518; baseline -0.005 -13"><span class='ocrx_word' id='word_1_16' title='bbox 241 476 501 505; x_wconf 88' lang='lat' dir='ltr'>externorum</span> <span class='ocrx_word' id='word_1_17' title='bbox 527 464 669 518; x_wconf 86' lang='lat' dir='ltr'>vigore</span> <span class='ocrx_word' id='word_1_18' title='bbox 696 463 872 503; x_wconf 80' lang='lat' dir='ltr'>nascitur</span> <span class='ocrx_word' id='word_1_19' title='bbox 888 492 900 511; x_wconf 85' lang='lat'>‚</span> <span class='ocrx_word' id='word_1_20' title='bbox 933 463 1067 502; x_wconf 83' lang='lat' dir='ltr'>omnia</span> <span class='ocrx_word' id='word_1_21' title='bbox 1090 460 1290 510; x_wconf 79' lang='lat' dir='ltr'>attendit,</span> <span class='ocrx_word' id='word_1_22' title='bbox 1321 456 1371 509; x_wconf 81' lang='lat' dir='ltr'>ne</span> 
     </span>
     <span class='ocr_line' id='line_1_5' title="bbox 240 523 1373 587; baseline -0.005 -13"><span class='ocrx_word' id='word_1_23' title='bbox 240 535 407 575; x_wconf 88' lang='lat' dir='ltr'>minima</span> <span class='ocrx_word' id='word_1_24' title='bbox 454 532 618 586; x_wconf 90' lang='lat' dir='ltr'>quidem</span> <span class='ocrx_word' id='word_1_25' title='bbox 657 531 843 587; x_wconf 79' lang='lat' dir='ltr'>negligit.</span> <span class='ocrx_word' id='word_1_26' title='bbox 917 531 1058 572; x_wconf 91' lang='lat' dir='ltr'>Prouti</span> <span class='ocrx_word' id='word_1_27' title='bbox 1099 541 1231 570; x_wconf 87' lang='lat' dir='ltr'>autem</span> <span class='ocrx_word' id='word_1_28' title='bbox 1271 523 1373 582; x_wconf 78' lang='lat' dir='ltr'>puer</span> 
     </span>
     <span class='ocr_line' id='line_1_6' title="bbox 242 599 1372 658; baseline -0.005 -14"><span class='ocrx_word' id='word_1_29' title='bbox 242 615 352 644; x_wconf 90' lang='lat' dir='ltr'>totus</span> <span class='ocrx_word' id='word_1_30' title='bbox 378 614 438 658; x_wconf 86' lang='lat' dir='ltr'>est</span> <span class='ocrx_word' id='word_1_31' title='bbox 465 605 506 643; x_wconf 89' lang='lat' dir='ltr'>in</span> <span class='ocrx_word' id='word_1_32' title='bbox 536 603 655 642; x_wconf 85' lang='lat' dir='ltr'>rebus</span> <span class='ocrx_word' id='word_1_33' title='bbox 687 601 894 656; x_wconf 81' lang='lat' dir='ltr'>tangendis</span> <span class='ocrx_word' id='word_1_34' title='bbox 912 631 924 650; x_wconf 85' lang='lat'>,</span> <span class='ocrx_word' id='word_1_35' title='bbox 956 599 1164 649; x_wconf 88' lang='lat' dir='ltr'>videndis,</span> <span class='ocrx_word' id='word_1_36' title='bbox 1209 599 1372 657; x_wconf 82' lang='lat' dir='ltr'>audien-</span> 
     </span>
     <span class='ocr_line' id='line_1_7' title="bbox 241 669 1371 726; baseline -0.004 -12"><span class='ocrx_word' id='word_1_37' title='bbox 241 675 330 724; x_wconf 88' lang='lat' dir='ltr'>dis,</span> <span class='ocrx_word' id='word_1_38' title='bbox 375 685 524 726; x_wconf 87' lang='lat' dir='ltr'>atque,</span> <span class='ocrx_word' id='word_1_39' title='bbox 570 684 738 713; x_wconf 86' lang='lat' dir='ltr'>externo</span> <span class='ocrx_word' id='word_1_40' title='bbox 779 684 910 712; x_wconf 88' lang='lat' dir='ltr'>rerum</span> <span class='ocrx_word' id='word_1_41' title='bbox 955 669 1168 723; x_wconf 79' lang='lat' dir='ltr'><strong>splendore</strong></span> <span class='ocrx_word' id='word_1_42' title='bbox 1201 681 1371 722; x_wconf 84' lang='lat' dir='ltr'>captus,</span> 
     </span>
     <span class='ocr_line' id='line_1_8' title="bbox 239 738 1372 794; baseline -0.004 -10"><span class='ocrx_word' id='word_1_43' title='bbox 239 745 493 789; x_wconf 82' lang='lat' dir='ltr'>interiorem·</span> <span class='ocrx_word' id='word_1_44' title='bbox 524 754 668 782; x_wconf 76' lang='lat' dir='ltr'>earum.</span> <span class='ocrx_word' id='word_1_45' title='bbox 707 740 888 781; x_wconf 87' lang='lat' dir='ltr'>indolem</span> <span class='ocrx_word' id='word_1_46' title='bbox 944 739 1028 780; x_wconf 86' lang='lat' dir='ltr'>fere</span> <span class='ocrx_word' id='word_1_47' title='bbox 1068 738 1270 794; x_wconf 79' lang='lat' dir='ltr'>negligitt,</span> <span class='ocrx_word' id='word_1_48' title='bbox 1318 740 1372 780; x_wconf 85' lang='lat' dir='ltr'>fic</span> 
     </span>
     <span class='ocr_line' id='line_1_9' title="bbox 239 809 1373 851; baseline -0.001 0"><span class='ocrx_word' id='word_1_49' title='bbox 239 812 361 851; x_wconf 87' lang='lat' dir='ltr'>etiam</span> <span class='ocrx_word' id='word_1_50' title='bbox 398 810 628 851; x_wconf 83' lang='lat' dir='ltr'>Orientales</span> <span class='ocrx_word' id='word_1_51' title='bbox 669 811 778 850; x_wconf 90' lang='lat' dir='ltr'>omni</span> <span class='ocrx_word' id='word_1_52' title='bbox 817 822 920 850; x_wconf 81' lang='lat' dir='ltr'>aevo</span> <span class='ocrx_word' id='word_1_53' title='bbox 962 811 1011 849; x_wconf 88' lang='lat' dir='ltr'>iis</span> <span class='ocrx_word' id='word_1_54' title='bbox 1052 809 1226 849; x_wconf 85' lang='lat' dir='ltr'><strong>maxime</strong></span> <span class='ocrx_word' id='word_1_55' title='bbox 1251 809 1373 850; x_wconf 82' lang='lat' dir='ltr'>rebus</span> 
     </span>
     <span class='ocr_line' id='line_1_10' title="bbox 241 878 1371 933; baseline -0.001 -12"><span class='ocrx_word' id='word_1_56' title='bbox 241 880 433 922; x_wconf 90' lang='lat' dir='ltr'>delectati</span> <span class='ocrx_word' id='word_1_57' title='bbox 459 880 575 930; x_wconf 79' lang='lat' dir='ltr'>sunt,</span> <span class='ocrx_word' id='word_1_58' title='bbox 608 892 709 933; x_wconf 87' lang='lat' dir='ltr'>quae</span> <span class='ocrx_word' id='word_1_59' title='bbox 737 879 971 933; x_wconf 82' lang='lat' dir='ltr'><strong>splendore,</strong></span> <span class='ocrx_word' id='word_1_60' title='bbox 1017 878 1140 928; x_wconf 77' lang='lat' dir='ltr'>luxu,</span> <span class='ocrx_word' id='word_1_61' title='bbox 1188 879 1371 933; x_wconf 81' lang='lat' dir='ltr'>magnifi-</span> 
     </span>
     <span class='ocr_line' id='line_1_11' title="bbox 242 947 1372 1002; baseline -0.002 -11"><span class='ocrx_word' id='word_1_62' title='bbox 242 952 375 991; x_wconf 81' lang='lat' dir='ltr'>centia</span> <span class='ocrx_word' id='word_1_63' title='bbox 396 950 528 991; x_wconf 88' lang='lat' dir='ltr'>sensus</span> <span class='ocrx_word' id='word_1_64' title='bbox 547 961 737 990; x_wconf 78' lang='lat' dir='ltr'>externos</span> <span class='ocrx_word' id='word_1_65' title='bbox 759 950 976 990; x_wconf 84' lang='lat' dir='ltr'>afficerent.</span> <span class='ocrx_word' id='word_1_66' title='bbox 1007 979 1051 988; x_wconf 77' lang='grc'><strong>-</strong></span> <span class='ocrx_word' id='word_1_67' title='bbox 1081 947 1229 988; x_wconf 82' lang='lat' dir='ltr'>Valent</span> <span class='ocrx_word' id='word_1_68' title='bbox 1257 955 1372 1002; x_wconf 83' lang='lat' dir='ltr'>prae-</span> 
     </span>
     <span class='ocr_line' id='line_1_12' title="bbox 243 1019 1372 1073; baseline -0.002 -12"><span class='ocrx_word' id='word_1_69' title='bbox 243 1032 350 1061; x_wconf 85' lang='lat' dir='ltr'>terea</span> <span class='ocrx_word' id='word_1_70' title='bbox 380 1020 581 1073; x_wconf 79' lang='lat' dir='ltr'>phantasia</span> <span class='ocrx_word' id='word_1_71' title='bbox 612 1019 787 1060; x_wconf 85' lang='lat' dir='ltr'>summa:</span> <span class='ocrx_word' id='word_1_72' title='bbox 833 1032 918 1072; x_wconf 89' lang='lat' dir='ltr'>quo</span> <span class='ocrx_word' id='word_1_73' title='bbox 955 1019 1105 1059; x_wconf 83' lang='lat' dir='ltr'>tardior</span> <span class='ocrx_word' id='word_1_74' title='bbox 1130 1019 1236 1058; x_wconf 88' lang='lat' dir='ltr'>enim</span> <span class='ocrx_word' id='word_1_75' title='bbox 1268 1021 1372 1059; x_wconf 79' lang='lat' dir='ltr'>ratio</span> 
     </span>
     <span class='ocr_line' id='line_1_13' title="bbox 241 1083 1373 1144; baseline -0.002 -13"><span class='ocrx_word' id='word_1_76' title='bbox 241 1091 327 1131; x_wconf 92' lang='lat' dir='ltr'>esse</span> <span class='ocrx_word' id='word_1_77' title='bbox 371 1089 597 1140; x_wconf 81' lang='lat' dir='ltr'>solet‚,eo</span> <span class='ocrx_word' id='word_1_78' title='bbox 633 1091 760 1144; x_wconf 83' lang='lat' dir='ltr'>magis</span> <span class='ocrx_word' id='word_1_79' title='bbox 801 1083 936 1130; x_wconf 88' lang='lat' dir='ltr'>omnia</span> <span class='ocrx_word' id='word_1_80' title='bbox 977 1088 1048 1129; x_wconf 92' lang='lat' dir='ltr'>sub</span> <span class='ocrx_word' id='word_1_81' title='bbox 1087 1087 1220 1128; x_wconf 88' lang='lat' dir='ltr'>sensus</span> <span class='ocrx_word' id='word_1_82' title='bbox 1250 1100 1373 1129; x_wconf 27' lang='lat' dir='ltr'>‘revo-</span> 
     </span>
     <span class='ocr_line' id='line_1_14' title="bbox 242 1172 397 1201; baseline 0 -1"><span class='ocrx_word' id='word_1_83' title='bbox 242 1172 397 1201; x_wconf 86' lang='lat' dir='ltr'>cantur.</span> 
     </span>
    </p>

    <p class='ocr_par' dir='ltr' id='par_1_3' title="bbox 235 1221 1399 1913">
     <span class='ocr_line' id='line_1_15' title="bbox 299 1221 1399 1287; baseline -0.003 -16"><span class='ocrx_word' id='word_1_84' title='bbox 299 1228 480 1271; x_wconf 87' lang='lat' dir='ltr'>Ducitur</span> <span class='ocrx_word' id='word_1_85' title='bbox 509 1231 629 1270; x_wconf 84' lang='lat' dir='ltr'>etiam</span> <span class='ocrx_word' id='word_1_86' title='bbox 656 1229 783 1287; x_wconf 88' lang='lat' dir='ltr'>homo</span> <span class='ocrx_word' id='word_1_87' title='bbox 812 1228 985 1268; x_wconf 84' lang='lat' dir='ltr'>maxime</span> <span class='ocrx_word' id='word_1_88' title='bbox 1014 1228 1094 1269; x_wconf 91' lang='lat' dir='ltr'>hoc</span> <span class='ocrx_word' id='word_1_89' title='bbox 1119 1227 1249 1269; x_wconf 85' lang='lat' dir='ltr'>studio</span> <span class='ocrx_word' id='word_1_90' title='bbox 1267 1257 1280 1276; x_wconf 86' lang='lat'>‚</span> <span class='ocrx_word' id='word_1_91' title='bbox 1328 1239 1373 1268; x_wconf 85' lang='lat' dir='ltr'>ut</span> <span class='ocrx_word' id='word_1_92' title='bbox 1396 1221 1399 1224; x_wconf 18' lang='grc' dir='ltr'><em>Α</em></span> 
     </span>
     <span class='ocr_line' id='line_1_16' title="bbox 239 1297 1371 1352; baseline -0.003 -11"><span class='ocrx_word' id='word_1_93' title='bbox 239 1302 422 1342; x_wconf 83' lang='lat' dir='ltr'>imitetur</span> <span class='ocrx_word' id='word_1_94' title='bbox 449 1299 565 1340; x_wconf 82' lang='lat' dir='ltr'>alios.</span> <span class='ocrx_word' id='word_1_95' title='bbox 626 1298 683 1339; x_wconf 87' lang='lat' dir='ltr'>Et</span> <span class='ocrx_word' id='word_1_96' title='bbox 709 1311 807 1339; x_wconf 90' lang='lat' dir='ltr'>vcro</span> <span class='ocrx_word' id='word_1_97' title='bbox 834 1298 933 1338; x_wconf 82' lang='lat' dir='ltr'>mira</span> <span class='ocrx_word' id='word_1_98' title='bbox 960 1297 1155 1352; x_wconf 78' lang='lat' dir='ltr'>quaedam</span> <span class='ocrx_word' id='word_1_99' title='bbox 1191 1299 1253 1338; x_wconf 88' lang='lat' dir='ltr'>vis</span> <span class='ocrx_word' id='word_1_100' title='bbox 1283 1309 1371 1346; x_wconf 84' lang='lat' dir='ltr'>est,</span> 
     </span>
     <span class='ocr_line' id='line_1_17' title="bbox 235 1367 1372 1423; baseline -0.003 -12"><span class='ocrx_word' id='word_1_101' title='bbox 235 1381 368 1423; x_wconf 81' lang='lat' dir='ltr'>eaque</span> <span class='ocrx_word' id='word_1_102' title='bbox 395 1367 852 1422; x_wconf 81' lang='lat' dir='ltr'>minimenegligenda,</span> <span class='ocrx_word' id='word_1_103' title='bbox 884 1369 1120 1409; x_wconf 82' lang='lat' dir='ltr'>imitationis</span> <span class='ocrx_word' id='word_1_104' title='bbox 1149 1369 1190 1409; x_wconf 89' lang='lat' dir='ltr'>in</span> <span class='ocrx_word' id='word_1_105' title='bbox 1215 1369 1372 1408; x_wconf 87' lang='lat' dir='ltr'>animos</span> 
     </span>
     <span class='ocr_line' id='line_1_18' title="bbox 240 1437 1372 1493; baseline -0.004 -11"><span class='ocrx_word' id='word_1_106' title='bbox 240 1441 480 1488; x_wconf 82' lang='lat' dir='ltr'>hominum,</span> <span class='ocrx_word' id='word_1_107' title='bbox 533 1437 764 1492; x_wconf 85' lang='lat' dir='ltr'>praesertim</span> <span class='ocrx_word' id='word_1_108' title='bbox 799 1450 1032 1491; x_wconf 88' lang='lat' dir='ltr'>puerorum.</span> <span class='ocrx_word' id='word_1_109' title='bbox 1106 1437 1234 1493; x_wconf 85' lang='lat' dir='ltr'>Quid</span> <span class='ocrx_word' id='word_1_110' title='bbox 1260 1440 1372 1478; x_wconf 86' lang='lat' dir='ltr'>enim</span> 
     </span>
     <span class='ocr_line' id='line_1_19' title="bbox 239 1507 1372 1562; baseline -0.003 -11"><span class='ocrx_word' id='word_1_111' title='bbox 239 1512 360 1552; x_wconf 87' lang='lat' dir='ltr'>initio</span> <span class='ocrx_word' id='word_1_112' title='bbox 402 1521 470 1551; x_wconf 88' lang='lat' dir='ltr'>aut</span> <span class='ocrx_word' id='word_1_113' title='bbox 508 1509 751 1559; x_wconf 78' lang='lat' dir='ltr'>didicimus,</span> <span class='ocrx_word' id='word_1_114' title='bbox 796 1520 864 1549; x_wconf 83' lang='lat' dir='ltr'>aut</span> <span class='ocrx_word' id='word_1_115' title='bbox 905 1507 1105 1558; x_wconf 84' lang='lat' dir='ltr'>fecimus,</span> <span class='ocrx_word' id='word_1_116' title='bbox 1146 1509 1221 1550; x_wconf 86' lang='lat' dir='ltr'>-nifi</span> <span class='ocrx_word' id='word_1_117' title='bbox 1260 1508 1372 1562; x_wconf 80' lang='lat' dir='ltr'>quod</span> 
     </span>
     <span class='ocr_line' id='line_1_20' title="bbox 238 1578 1371 1633; baseline -0.001 -13"><span class='ocrx_word' id='word_1_118' title='bbox 238 1592 426 1633; x_wconf 81' lang='lat' dir='ltr'>parentes</span> <span class='ocrx_word' id='word_1_119' title='bbox 452 1579 516 1620; x_wconf 88' lang='lat' dir='ltr'>vel</span> <span class='ocrx_word' id='word_1_120' title='bbox 541 1580 717 1620; x_wconf 84' lang='lat' dir='ltr'>nutrices</span> <span class='ocrx_word' id='word_1_121' title='bbox 746 1590 813 1619; x_wconf 91' lang='lat' dir='ltr'>aut</span> <span class='ocrx_word' id='word_1_122' title='bbox 841 1578 1050 1626; x_wconf 81' lang='lat' dir='ltr'>dicerent,</span> <span class='ocrx_word' id='word_1_123' title='bbox 1081 1588 1150 1617; x_wconf 85' lang='lat' dir='ltr'>aut</span> <span class='ocrx_word' id='word_1_124' title='bbox 1179 1580 1371 1632; x_wconf 71' lang='lat' dir='ltr'>agerent?</span> 
     </span>
     <span class='ocr_line' id='line_1_21' title="bbox 239 1636 1371 1703; baseline -0.002 -12"><span class='ocrx_word' id='word_1_125' title='bbox 239 1650 384 1691; x_wconf 82' lang='lat' dir='ltr'>Solent</span> <span class='ocrx_word' id='word_1_126' title='bbox 413 1662 544 1691; x_wconf 83' lang='lat' dir='ltr'>autem</span> <span class='ocrx_word' id='word_1_127' title='bbox 575 1650 773 1703; x_wconf 87' lang='lat' dir='ltr'>imprimis</span> <span class='ocrx_word' id='word_1_128' title='bbox 802 1636 948 1688; x_wconf 82' lang='lat' dir='ltr'>imitari</span> <span class='ocrx_word' id='word_1_129' title='bbox 976 1660 1076 1696; x_wconf 83' lang='lat' dir='ltr'>eos,</span> <span class='ocrx_word' id='word_1_130' title='bbox 1108 1648 1178 1701; x_wconf 89' lang='lat' dir='ltr'>qui</span> <span class='ocrx_word' id='word_1_131' title='bbox 1210 1647 1273 1688; x_wconf 88' lang='lat' dir='ltr'>vel</span> <span class='ocrx_word' id='word_1_132' title='bbox 1306 1661 1371 1689; x_wconf 87' lang='lat' dir='ltr'>ae-</span> 
     </span>
     <span class='ocr_line' id='line_1_22' title="bbox 238 1711 1371 1771; baseline -0.001 -11"><span class='ocrx_word' id='word_1_133' title='bbox 238 1731 346 1770; x_wconf 82' lang='lat' dir='ltr'>tate,</span> <span class='ocrx_word' id='word_1_134' title='bbox 377 1719 442 1760; x_wconf 80' lang='lat' dir='ltr'>vel</span> <span class='ocrx_word' id='word_1_135' title='bbox 468 1719 739 1768; x_wconf 80' lang='lat' dir='ltr'>auctoritate,</span> <span class='ocrx_word' id='word_1_136' title='bbox 764 1711 847 1758; x_wconf 67' lang='lat' dir='ltr'>&#39;vel</span> <span class='ocrx_word' id='word_1_137' title='bbox 884 1718 1134 1771; x_wconf 81' lang='lat' dir='ltr'>experientia</span> <span class='ocrx_word' id='word_1_138' title='bbox 1161 1718 1254 1771; x_wconf 86' lang='lat' dir='ltr'>ipfis</span> <span class='ocrx_word' id='word_1_139' title='bbox 1283 1718 1371 1759; x_wconf 86' lang='lat' dir='ltr'>suut</span> 
     </span>
     <span class='ocr_line' id='line_1_23' title="bbox 238 1787 1368 1843; baseline -0.001 -13"><span class='ocrx_word' id='word_1_140' title='bbox 238 1790 441 1843; x_wconf 75' lang='lat' dir='ltr'>majores3</span> <span class='ocrx_word' id='word_1_141' title='bbox 473 1801 541 1830; x_wconf 86' lang='lat' dir='ltr'>aut</span> <span class='ocrx_word' id='word_1_142' title='bbox 571 1791 598 1831; x_wconf 90' lang='lat' dir='ltr'><strong>fi</strong></span> <span class='ocrx_word' id='word_1_143' title='bbox 628 1790 696 1843; x_wconf 87' lang='lat' dir='ltr'>qui</span> <span class='ocrx_word' id='word_1_144' title='bbox 725 1788 877 1828; x_wconf 78' lang='lat' dir='ltr'>artibus</span> <span class='ocrx_word' id='word_1_145' title='bbox 904 1787 1107 1828; x_wconf 85' lang='lat' dir='ltr'>divitiisve</span> <span class='ocrx_word' id='word_1_146' title='bbox 1131 1787 1368 1838; x_wconf 86' lang='lat' dir='ltr'>excellunt,</span> 
     </span>
     <span class='ocr_line' id='line_1_24' title="bbox 236 1857 1303 1913; baseline 0 -14"><span class='ocrx_word' id='word_1_147' title='bbox 236 1871 305 1899; x_wconf 84' lang='lat' dir='ltr'>aut</span> <span class='ocrx_word' id='word_1_148' title='bbox 334 1872 574 1913; x_wconf 85' lang='lat' dir='ltr'>quacunque</span> <span class='ocrx_word' id='word_1_149' title='bbox 604 1871 646 1899; x_wconf 90' lang='lat' dir='ltr'>re</span> <span class='ocrx_word' id='word_1_150' title='bbox 673 1859 979 1899; x_wconf 83' lang='lat' dir='ltr'>admirationem</span> <span class='ocrx_word' id='word_1_151' title='bbox 1009 1868 1176 1898; x_wconf 90' lang='lat' dir='ltr'>movent</span> <span class='ocrx_word' id='word_1_152' title='bbox 1205 1857 1303 1912; x_wconf 81' lang='lat' dir='ltr'>(a).</span> 
     </span>
    </p>

    <p class='ocr_par' dir='ltr' id='par_1_4' title="bbox 296 1928 1369 1984">
     <span class='ocr_line' id='line_1_25' title="bbox 296 1928 1369 1984; baseline -0.003 -13"><span class='ocrx_word' id='word_1_153' title='bbox 296 1929 424 1982; x_wconf 86' lang='lat' dir='ltr'>Quod</span> <span class='ocrx_word' id='word_1_154' title='bbox 451 1941 585 1970; x_wconf 87' lang='lat' dir='ltr'>autem</span> <span class='ocrx_word' id='word_1_155' title='bbox 615 1928 736 1971; x_wconf 89' lang='lat' dir='ltr'>semel</span> <span class='ocrx_word' id='word_1_156' title='bbox 779 1929 962 1984; x_wconf 85' lang='lat' dir='ltr'>placuit,</span> <span class='ocrx_word' id='word_1_157' title='bbox 1006 1928 1048 1969; x_wconf 90' lang='lat' dir='ltr'>id</span> <span class='ocrx_word' id='word_1_158' title='bbox 1080 1939 1248 1979; x_wconf 87' lang='lat' dir='ltr'>tenent,</span> <span class='ocrx_word' id='word_1_159' title='bbox 1292 1939 1369 1971; x_wconf 87' lang='lat' dir='ltr'>nec</span> 
     </span>
    </p>

    <p class='ocr_par' dir='ltr' id='par_1_5' title="bbox 1303 1997 1368 2038">
     <span class='ocr_line' id='line_1_26' title="bbox 1303 1997 1368 2038; baseline 0 0"><span class='ocrx_word' id='word_1_160' title='bbox 1303 1997 1368 2038; x_wconf 84' lang='lat' dir='ltr'>vel</span> 
     </span>
    </p>

    <p class='ocr_par' dir='ltr' id='par_1_6' title="bbox 284 2096 1371 2146">
     <span class='ocr_line' id='line_1_27' title="bbox 284 2096 1371 2146; baseline -0.005 -11"><span class='ocrx_word' id='word_1_161' title='bbox 284 2098 348 2144; x_wconf 82' lang='lat' dir='ltr'>(a)</span> <span class='ocrx_word' id='word_1_162' title='bbox 373 2100 402 2146; x_wconf 84' lang='lat' dir='ltr'>J.</span> <span class='ocrx_word' id='word_1_163' title='bbox 432 2101 476 2135; x_wconf 87' lang='lat' dir='ltr'>H.</span> <span class='ocrx_word' id='word_1_164' title='bbox 502 2100 705 2135; x_wconf 86' lang='lat' dir='ltr'>Verschuirii</span> <span class='ocrx_word' id='word_1_165' title='bbox 742 2099 927 2133; x_wconf 76' lang='lat' dir='ltr'>dissertatio</span> <span class='ocrx_word' id='word_1_166' title='bbox 968 2099 1010 2132; x_wconf 87' lang='lat' dir='ltr'>de</span> <span class='ocrx_word' id='word_1_167' title='bbox 1039 2098 1165 2140; x_wconf 85' lang='lat' dir='ltr'>origine</span> <span class='ocrx_word' id='word_1_168' title='bbox 1196 2106 1231 2131; x_wconf 87' lang='lat' dir='ltr'>et</span> <span class='ocrx_word' id='word_1_169' title='bbox 1268 2096 1371 2131; x_wconf 71' lang='lat' dir='ltr'>caufis³</span> 
     </span>
    </p>
   </div>
   <div class='ocr_carea' id='block_1_3' title="bbox 239 2155 1372 2259">
    <p class='ocr_par' dir='ltr' id='par_1_7' title="bbox 239 2155 1372 2259">
     <span class='ocr_line' id='line_1_28' title="bbox 239 2155 1372 2197; baseline -0.003 -7"><span class='ocrx_word' id='word_1_170' title='bbox 239 2156 441 2191; x_wconf 73' lang='lat' dir='ltr'>idololatriae</span> <span class='ocrx_word' id='word_1_171' title='bbox 478 2157 597 2189; x_wconf 84' lang='lat' dir='ltr'>amoris</span> <span class='ocrx_word' id='word_1_172' title='bbox 640 2165 676 2190; x_wconf 87' lang='lat' dir='ltr'>et</span> <span class='ocrx_word' id='word_1_173' title='bbox 716 2156 809 2189; x_wconf 82' lang='lat' dir='ltr'>studii</span> <span class='ocrx_word' id='word_1_174' title='bbox 837 2157 978 2189; x_wconf 78' lang='lat' dir='ltr'>maxime</span> <span class='ocrx_word' id='word_1_175' title='bbox 1003 2157 1035 2188; x_wconf 88' lang='lat' dir='ltr'>in</span> <span class='ocrx_word' id='word_1_176' title='bbox 1062 2163 1160 2197; x_wconf 78' lang='lat' dir='ltr'>geute</span> <span class='ocrx_word' id='word_1_177' title='bbox 1193 2155 1372 2188; x_wconf 65' lang='lat' dir='ltr'>Israelitica</span> 
     </span>
     <span class='ocr_line' id='line_1_29' title="bbox 240 2212 1323 2259; baseline -0.004 -10"><span class='ocrx_word' id='word_1_178' title='bbox 240 2214 274 2249; x_wconf 78' lang='lat' dir='ltr'>In</span> <span class='ocrx_word' id='word_1_179' title='bbox 297 2213 422 2259; x_wconf 83' lang='lat' dir='ltr'>Opusc.</span> <span class='ocrx_word' id='word_1_180' title='bbox 445 2222 474 2247; x_wconf 85' lang='lat' dir='ltr'>a.</span> <span class='ocrx_word' id='word_1_181' title='bbox 502 2214 597 2249; x_wconf 83' lang='lat'>1810.</span> <span class='ocrx_word' id='word_1_182' title='bbox 625 2223 642 2247; x_wconf 83' lang='lat' dir='ltr'>a</span> <span class='ocrx_word' id='word_1_183' title='bbox 666 2213 721 2248; x_wconf 88' lang='lat' dir='ltr'>Cl.</span> <span class='ocrx_word' id='word_1_184' title='bbox 744 2213 853 2246; x_wconf 81' lang='lat' dir='ltr'>Lotze</span> <span class='ocrx_word' id='word_1_185' title='bbox 870 2236 881 2254; x_wconf 89' lang='lat'>‚</span> <span class='ocrx_word' id='word_1_186' title='bbox 906 2212 1003 2246; x_wconf 76' lang='lat' dir='ltr'>editis</span> <span class='ocrx_word' id='word_1_187' title='bbox 1027 2222 1105 2255; x_wconf 50' lang='lat' dir='ltr'>pag.</span> <span class='ocrx_word' id='word_1_188' title='bbox 1133 2222 1189 2256; x_wconf 79' lang='lat'>171</span> <span class='ocrx_word' id='word_1_189' title='bbox 1211 2214 1323 2256; x_wconf 79' lang='lat' dir='ltr'>seqq..</span> 
     </span>
    </p>
   </div>
  </div>
 </body>
</html>
