1519 2729
642 135 914 210 '‘<86>
1363 176 1379 179 -

238 289 292 329 bo
322 289 522 338 deteriora
569 292 776 334 hominum
819 295 924 334 enim
955 293 1122 334 societas
1149 293 1363 350 consistere

235 360 398 413 posset,
445 363 626 414 quemvis
653 375 733 402 non
766 376 810 404 ea
836 364 1097 416 implerentur
1124 359 1218 414 (1).

293 430 497 471 Civilibus
535 443 667 472 autem
704 432 1023 487 obligationibus
1055 432 1242 472 omnibus
1269 444 1314 472 ea
1342 444 1365 471 a

232 499 325 553 lege
360 501 522 545 ,accedit
556 502 802 552 auctoritas,
846 514 889 543 ut
943 503 1233 543 detrectantem
1285 514 1363 554 pro

234 570 408 621 imperio
435 571 484 610 ad
512 572 750 624 explendam
781 573 1072 626 obligationem
1102 572 1262 625 adigant
1283 584 1363 611 ma-

234 640 437 699 gistlatus.
495 657 528 665 ·-
574 641 630 681 Et
684 643 734 682 fic
787 643 949 695 quidem
1004 642 1145 694 sponte
1194 641 1244 681 ad
1308 640 1364 680 al-

232 719 361 749 terum
390 710 491 750 illud
518 710 582 751 seu
607 710 879 751 secundarium
896 711 1156 764 principium
1171 709 1365 750 Pufen-

234 778 417 818 dorfii
448 781 730 831 pervenimus,
761 802 807 811 —
835 781 886 820 ad
915 780 1178 827 societatem,
1209 792 1259 820 ex
1289 793 1368 832 qua

233 858 274 886 et
312 848 395 900 ipsa
427 848 523 889 fides
567 851 606 888 in
652 852 928 891 contractibus
970 849 1193 890 necessario
1237 849 1367 901 seqni-

234 929 298 958 tur
336 915 430 970 (2).
473 947 507 954 -
550 918 615 960 Ex
641 920 721 960 hoc
758 922 863 961 enim
906 920 1167 961 fundamento
1212 920 1367 972 praeci-

233 1000 313 1040 pua
342 989 444 1030 inter
467 989 532 1042 jus
558 989 784 1042 perfectum
807 1001 847 1030 et
874 989 1159 1043 imperfectum
1201 989 1366 1030 distinc-

233 1059 292 1097 tio
319 1060 484 1110 petitur.
875 1064 885 1075 ’

249 1125 265 1149 ’
288 1127 359 1182 Jt'ls
400 1129 501 1169 illud
529 1127 771 1184 perfectum
801 1129 953 1184 spectat
981 1133 1023 1170 τὸ
1052 1127 1134 1183 esse
1163 1131 1364 1179 civitatis,

235 1196 498 1252 ampersectu
491 1212 527 1239 n
558 1201 599 1239 τὸ
630 1201 777 1241 melius
804 1198 899 1255 esse,
931 1221 972 1230 -
1003 1201 1127 1241 Ratio
1154 1202 1281 1254 igitur
1302 1200 1367 1254 ju-

235 1267 332 1316 bet,
364 1268 444 1309 hoc
476 1271 623 1310 minori
653 1271 936 1311 vindicandum
962 1270 1045 1311 esse
1088 1272 1127 1310 vi
1157 1271 1297 1323 quam'
1318 1268 1367 1309 il—

233 1337 318 1378 lud.
349 1358 383 1366 -
402 1337 582 1381 Primum
598 1342 704 1381 enim
719 1343 800 1380 enti
817 1340 1001 1381 sociabili
1022 1342 1155 1382 datum
1173 1351 1367 1394 praecep-

237 1419 322 1447 tum
351 1419 438 1447 est:
467 1400 565 1458 Tac„
584 1422 629 1449 ut
655 1412 798 1450 civitas
827 1412 1027 1452 consistat.
1059 1434 1105 1444 -
1137 1409 1366 1458 Secundum

234 1489 396 1518 autem:
428 1479 491 1520 fac
507 1492 592 1519 eam
617 1481 757 1521 reddas
786 1493 904 1534 quam
932 1480 1103 1519 maxime
1130 1489 1248 1531 potes
1265 1510 1278 1529 ‚
1306 1479 1366 1520 fe-

233 1545 370 1596 licem.
415 1570 449 1578 —
491 1547 589 1589 Rite
638 1550 761 1604 i0·itui
800 1549 903 1589 hanc
951 1547 1244 1601 obligationem
1290 1550 1367 1590 im-

227 1624 313 1670 pe]
315 1615 470 1667 sectam
505 1616 614 1672 (3),
653 1581 785 1660 Dillam
828 1631 926 1659 vero
959 1616 1201 1671 perfectam
1256 1614 1366 1664 aixe-

231 1688 285 1726 ris
317 1684 412 1741 (4).

1285 1757 1367 1798 Sed

278 1864 342 1915 ξι)
367 1872 527 1906 Pufen
542 1871 574 1907 d.
614 1872 651 1910 J.
677 1873 723 1909 N.
751 1882 783 1908 et
820 1875 858 1909 G.
891 1874 918 1909 1.
943 1883 972 1908 c.
1001 1883 1037 1917 7.
1067 1871 1085 1916 ξ
1115 1884 1147 1919 7.
1174 1875 1250 1925 pag·
1295 1880 1368 1915 135·

234 1927 314 1963 edit.
343 1930 460 1964 Franc.v

277 1985 339 2030 (ε)
365 1989 421 2030 Op.
452 1987 564 2029 Maius
588 1986 662 2022 Lib.
688 1989 748 2022 III.
773 1988 870 2020 Tom.
889 1989 907 2031 §
938 1998 971 2020 2.
996 1988 1094 2021 Tom.
1123 1989 1150 2021 I.
1174 1996 1208 2029 p.
1231 1996 1310 2029 404.

279 2041 387 2086 (95,
413 2043 598 2076 Dicendum
623 2053 728 2077 tamen
761 2052 832 2083 est,
835 2043 855 2057 ”
880 2044 983 2086 inquit
1013 2043 1186 2076 Titius
1207 2043 1253 2076 N.
1276 2052 1369 2091 200

229 2123 256 2141 a,
280 2098 369 2139 qiod
395 2099 424 2130 l
422 2109 476 2131 ec
505 2110 568 2131 non
596 2108 667 2133 Μαί
665 2111 719 2132 ινα
757 2101 820 2144 fim
847 2109 900 2133 aut
924 2103 959 2134 in
985 2099 1020 2142 se
1059 2098 1253 2142 imperfecta
1286 2096 1369 2140 lint,

233 2153 290 2188 sed
305 2163 354 2188 tan
360 2166 413 2188 tun
414 2156 484 2188 eb
501 2155 673 2190 defectum
691 2157 828 2192 idoneae
847 2157 1094 2197 exsecutionis,
1118 2164 1187 2190 nam
1205 2164 1368 2199 praecep-

1336 2219 1368 2243 za
