1519 2729
695 131 912 189 (64)

300 270 421 314 IVum.
453 272 553 314 Dari
580 270 744 312 morbos
773 273 1020 325 epidemicos
1047 266 1296 321 verminosos
1322 282 1362 312 et

243 337 333 381 anni
359 331 566 395 tempora,
597 341 743 393 quibus
773 341 900 394 major
937 341 1178 381 insectorum
1224 351 1361 380 nume-

242 423 307 452 rus
330 412 468 461 adest,
500 407 616 465 quam
646 409 759 459 aliis,
805 411 1046 451 variantibus
1074 411 1174 450 ae‘ris
1209 420 1360 462 tempe-

241 491 396 530 ratura,
441 480 537 521 statu
590 479 901 533 hygrometico,
957 474 1151 533 aliisque,
1213 480 1361 533 quibus

240 562 405 603 quoque
433 548 681 602 temporibus
705 549 833 602 major
856 549 1051 588 vermium
1079 559 1267 589 numerus
1294 549 1361 589 ad-

240 618 357 659 esset.

295 687 420 729 Hisce
447 700 529 727 non
565 685 788 734 obstamus,
836 685 901 727 sed
945 686 1093 728 tamdiu
1129 686 1230 729 haec
1261 685 1360 727 nihil

237 758 436 810 probant,
468 755 657 809 quamdiu
684 754 898 807 probatum
919 766 1001 794 non
1031 754 1177 803 fuerit,
1210 756 1360 797 insecta

236 826 306 868 illa
333 838 523 867 eorumve
551 825 676 866 larvas
708 826 746 864 in
774 836 928 864 vermes
951 825 1093 864 mutari
1125 823 1258 877 posse.

295 896 396 937 vum·
426 896 526 937 Dari
543 894 846 936 constitutiones
861 892 1102 933 verminosas
1117 894 1356 938 enclemieas.

294 965 498 1007 Nimirum
527 964 743 1005 nonnullae
771 965 910 1006 adsunt
942 978 1110 1021 gentes,
1153 966 1357 1007 vermibus

236 1035 412 1084 liberae,
443 1046 564 1088 prout
578 1034 695 1084 illae,
728 1034 938 1075 Graeciam
956 1035 1207 1086 habitante53
1240 1034 1358 1085 aliae,

235 1117 343 1158 quae·
374 1117 451 1145 una
489 1103 662 1145 alterave
702 1102 836 1158 specie
865 1105 1113 1154 afficiuntur,
1160 1107 1210 1147 fic
1243 1119 1280 1145 v,
1316 1119 1358 1146 c.v

236 1173 399 1216 Taenia
424 1174 581 1216 Solium
608 1183 810 1226 nunquam
851 1173 935 1214 fere
979 1175 1230 1223 observatur„
1252 1174 1359 1228 apud

235 1247 419 1288 homines
443 1245 654 1299 regionum
684 1243 922 1285 calidiorum
939 1274 952 1293 ‚
992 1244 1061 1285 sed
1087 1245 1254 1285 omnino
1284 1243 1356 1284 fri-

232 1317 435 1373 gidioruin
457 1326 578 1367 atque
604 1311 877 1354 humidiorum
908 1312 933 1366 ζ
941 1311 1001 1366 1).
1063 1313 1121 1355 Ita
1157 1327 1192 1355 e.
1224 1325 1262 1368 g.
1284 1312 1357 1367 Ju-

234 1387 350 1435 daei,
381 1384 558 1426 Berolini
589 1382 839 1433 habitantes,
882 1396 904 1423 a
932 1383 1097 1437 reliquis
1120 1383 1266 1424 incolis
1296 1382 1353 1421 se-

233 1457 386 1510 parati,
430 1457 485 1495 ita
512 1452 714 1494 vermibus
739 1452 950 1502 laborant,
992 1464 1037 1493 ut
1068 1464 1233 1493 testetur
1260 1450 1352 1491 Me-

234 1527 347 1570 dicus
368 1523 550 1577 quidam,
596 1521 738 1561 horum
771 1521 942 1562 infantes
968 1523 1035 1561 vix
1069 1521 1149 1561 alio
1180 1535 1354 1574 uuquam

233 1595 400 1642 morbo,
453 1594 523 1634 nifi
573 1589 826 1638 verminoso,
886 1590 1054 1645 hujusve
1109 1590 1349 1632 secundariis

233 1666 381 1706 vexari.

289 1734 355 1775 De
398 1733 460 1774 his
500 1741 642 1786 postea
679 1729 904 1772 videbimus
945 1730 994 1771 ad
1026 1731 1077 1784 §§
1117 1743 1169 1785 52
1204 1744 1243 1771 et
1274 1742 1346 1783 53.

1263 1800 1345 1853 Ap-

275 1926 337 1974 (1)
361 1926 505 1962 Eandem
530 1926 573 1959 ob
601 1927 723 1959 causam
745 1927 944 1969 explicatur,
970 1926 1000 1958 in
1023 1934 1130 1959 nostra
1151 1927 1250 1969 patria
1277 1928 1345 1961 satis

229 1987 422 2027 frequenter
435 1983 599 2017 observari
627 1983 710 2015 illam
731 1983 890 2015 vermium
909 1982 1072 2025 speciem
1096 1983 1216 2016 dicitur
1233 1984 1335 2022 enim,

230 2045 384 2087 plurimos
430 2043 537 2084 pisces
574 2039 748 2072 inhabitare
765 2063 776 2078 ,
824 2038 878 2072 hic
912 2039 997 2070 inter
1038 2037 1168 2071 delieras
1209 2040 1340 2073 habitos.

230 2101 401 2142 Nunquam
447 2105 529 2128 vero
563 2093 737 2128 similitudo
773 2095 853 2129 haec
895 2095 980 2129 inter
1001 2096 1142 2130 ammana
1179 2097 1346 2130 observata

231 2164 280 2191 est
296 2180 306 2196 ‚
329 2162 437 2197 neque
462 2150 684 2186 demonstrata.
