1519 2729
698 131 918 201 (69)

246 281 320 323 per
350 270 388 312 se
417 271 508 311 satis
539 269 806 323 improbabile
835 271 1017 320 videtur,
1048 282 1166 325 atque
1189 281 1264 311 nos
1277 270 1362 312 diu-

244 342 351 390 tim,
396 353 514 394 quam
556 353 627 393 par
656 340 779 388 esset,
825 354 845 380 a
879 341 1088 394 proposito
1115 338 1362 389 abduceret,

242 411 501 451 disseramus:
532 410 734 450 videamus
768 410 904 461 potius
933 423 1026 451 num
1057 420 1241 464 parentes
1267 421 1360 449 nos-

241 481 289 519 tri
317 479 538 519 rudimenta
566 481 757 520 vermium
776 509 788 528 ,
832 479 979 532 quibus
1002 492 1218 528 vexamur,
1250 480 1290 518 in
1323 479 1361 519 se

238 551 446 590 continere
475 551 679 603 potuerint
697 579 710 595 ,
739 560 813 588 nec
843 559 893 587 ne
917 546 1011 600 (1).

295 616 358 657 1⁰.
399 617 553 658 Merito
607 618 836 670 quaeritur,
890 628 937 655 an
992 616 1173 656 omnium
1211 616 1357 656 vermi-

238 699 305 728 um
346 687 567 740 rudimenta
609 687 894 728 continuerint.
957 685 997 725 Si
1036 687 1231 733 omnino⁷
1272 697 1364 725 on1-.

238 769 308 796 nes
348 769 502 796 vermes
545 768 728 809 parentes
769 758 924 809 priores
970 756 1177 796 continere
1209 754 1358 795 debue-

234 827 367 874 runt‚‘
409 825 519 877 quod
573 838 653 866 non
701 825 916 879 probabile
958 825 1136 874 vid-etun
1193 823 1354 865 fuerunt

236 906 321 934 tum
364 895 454 935 sane
508 895 600 935 inde
639 896 689 936 ab
726 897 848 937 ,initio
886 895 1174 944 infelicissimi,
1217 894 1242 934 fi
1289 906 1357 933 ve-

232 977 283 1005 ro
333 977 441 1014 non,
499 965 603 1006 haud
655 965 826 1019 amplius
869 963 968 1005 aliae
1022 963 1174 1018 species
1220 963 1357 1017 prodi·

233 1045 334 1074 rent.

291 1102 373 1144 11⁰.
406 1103 447 1143 Si
471 1117 593 1145 unum
628 1106 773 1144 vermis
814 1104 1080 1146 rudimentum
1112 1101 1355 1149 continuisse

234 1167 448 1221 dicuntur,
500 1173 669 1224 systema
713 1174 839 1214 statim
885 1173 1092 1221 turbaturz,
1132 1184 1354 1224 quaenam,

232 1241 407 1294 quaeso,
440 1242 554 1283 datur
583 1245 864 1284 convenientia
890 1245 992 1284 inter
1020 1240 1353 1296 Bothriocepha-

230 1314 318 1354 lum
337 1315 472 1354 latum
493 1324 534 1352 et
559 1312 759 1355 Distoma
799 1312 1053 1368 hepatia-um.
1116 1311 1158 1352 Si
1199 1323 1354 1353 mutan-

231 1395 295 1423 tur
334 1396 411 1436 pro
451 1384 568 1423 variis
607 1382 937 1433 circumstantiis,
979 1381 1089 1423 nulla
1132 1381 1216 1422 fere
1241 1381 1353 1422 diffess

228 1454 353 1492 tentia
396 1453 499 1491 iuter
543 1452 621 1493 hoc
666 1438 836 1504 systema
864 1465 904 1492 et
940 1452 1236 1506 generationem
1266 1451 1352 1492 Ae-

228 1523 466 1578 quivocam‚
501 1521 635 1562 saltem
662 1534 787 1575 aeque
810 1521 970 1562 difficile
986 1520 1219 1574 explicatu,
1250 1534 1352 1573 quo-

229 1593 352 1633 modo
376 1603 632 1634 ,mutarentur
686 1593 888 1646 germina,
932 1605 1050 1644 quam
1093 1604 1170 1643 qua
1195 1591 1351 1632 ratione

229 1664 429 1703 orirentur
457 1674 506 1701 ex
537 1662 699 1701 materia
731 1662 920 1716 organica
947 1661 1195 1716 degenerata.

283 1731 388 1773 1110,
418 1731 528 1773 Num
545 1745 565 1772 a
581 1745 693 1787 patre
710 1732 989 1787 proveniunt?
1019 1730 1116 1772 Non
1130 1729 1252 1772 facile
1268 1730 1350 1771 hoc

506 1851 525 1859 f
1253 1813 1350 1854 pro-

270 1925 331 1974 (ι)
355 1929 456 1963 Conf.
483 1928 640 1962 Bloch
655 1928 702 1968 ’s,
740 1930 762 1962 1.
791 1938 820 1962 c.
850 1937 921 1971 pag.
956 1936 997 1971 37
1033 1927 1124 1968 seqq.
1167 1925 1352 1961 Rudol-

226 1984 283 2025 ph
299 1986 307 2016 i
324 2008 334 2023 ,
360 1985 564 2019 Entozoarum
586 1983 666 2027 Hzst.
691 1983 772 2018 Nat.
802 1985 897 2018 Tom.
922 1984 945 2016 1.
975 1993 1046 2026 pag.
1064 1983 1138 2024 386.
1162 1981 1350 2016 Luders-

226 2041 272 2074 se
288 2051 306 2072 n
323 2065 333 2080 ‚
356 2043 628 2075 Gmmc’nmtiom's
653 2045 794 2081 citatae,
819 2051 892 2083 pag.
915 2042 968 2083 87.
993 2050 1012 2072 v
1028 2049 1073 2071 an
1100 2040 1124 2072 P
1138 2038 1158 2071 h
1175 2048 1192 2071 e
1209 2038 1219 2070 1
1234 2038 1279 2072 su
1295 2048 1349 2079 m,

227 2097 251 2131 1.
274 2108 305 2131 e.
333 2107 405 2139 pag.
435 2097 759 2144 76.J‹'5rdens,
796 2099 817 2133 l.
847 2107 873 2131 c.
903 2097 995 2131 Tom.
1024 2096 1068 2131 11.
1096 2105 1168 2139 pag.
1196 2104 1230 2141 7.
1267 2096 1350 2129 Ge·-
1393 2077 1437 2094 ‘⁹

228 2163 248 2188 z
263 2162 281 2188 e
298 2177 309 2194 ‚
332 2154 356 2188 1.
375 2162 407 2188 c.
432 2163 505 2197 pag.
532 2164 587 2199 35.
