1519 2729
616 170 756 227 (74
815 171 851 226 32

159 318 263 358 nor,
316 321 435 362 quam
474 314 577 363 'quae
612 309 711 350 mihi
752 309 859 361 fuit,
916 312 959 352 In
1004 298 1291 356 distribuendis

157 390 346 442 praemiis
375 401 417 431 et
442 389 610 432 honoris
629 391 905 433 'documentis
950 395 1162 450 continget
1198 394 1291 436 feli-

134 483 138 486 ’
159 471 260 512 citas
278 472 287 512 !

165 589 172 593 .
214 551 337 595 Hune
363 564 496 595 autem
523 553 766 596 Academiae
790 544 1109 611 Rectoremssex
1153 557 1288 600 REGrs

159 635 288 677 nostri
316 633 483 683 decreto
510 633 676 687 publice
706 636 748 675 in
776 635 1009 689 sequentem
1037 637 1182 679 annum
1223 651 1287 680 re-
1325 631 1329 634 ⁵

156 716 300 773 nuntio
329 715 611 769 etproclamo
635 715 847 769 JOANNEM
878 717 1168 762 FREDERICUM
1198 719 1287 762 LU-
1326 712 1330 721 '⁴

155 809 353 840 DOVICUM
387 796 631 839 Senabnssss.
661 813 706 837 ⁴—
735 798 922 840 Accedas
951 813 1078 855 ergo,
1109 800 1289 857 Collega
1331 801 1337 809 ⁴

156 877 504 932 conjunctisfime,
537 889 580 919 ut
608 891 807 931 vacuum,
851 881 917 922 sed
947 881 1140 938 deinceps
1172 894 1287 927 tuum

153 958 294 1000 locum
320 960 421 1013 jure¹
440 970 512 1000 tuo
542 972 722 1015 occupes
739 964 760 1004 !.

213 1039 330 1082 Salve
353 1041 435 1095 Jam
452 1072 465 1092 ,
503 1041 579 1083 Vir
605 1042 856 1100 Magnifice,
903 1046 969 1087 cui
1002 1046 1200 1101 quidquid
1226 1059 1286 1089 est

86 1150 94 1160 .
152 1123 195 1163 in
238 1125 471 1178 magistratu
510 1125 764 1168 Academico
799 1128 1160 1179 ec.h0noris,sset
1187 1136 1286 1170 vero

154 1205 275 1259 etiam
305 1207 469 1257 oneris,
500 1206 797 1249 lubentisfimus
828 1209 968 1250 trado!
1000 1209 1039 1249 A
1067 1220 1136 1260 te,
1169 1210 1288 1265 cujus

153 1288 375 1341 pereximia
412 1286 501 1328 sunt
527 1300 568 1329 et
589 1289 793 1343 praeclara
820 1292 861 1332 in
889 1291 991 1334 hanc
1020 1291 1285 1335 Academiam
1343 1287 1348 1291 ”

152 1370 321 1419 merita,
361 1368 418 1410 nil
456 1369 527 1411 nifi
567 1371 680 1426 quod
721 1371 966 1414 Academiae
1008 1373 1284 1416 honorificum
1334 1369 1348 1374 ‘⁴

153 1463 274 1506 atque
303 1451 554 1493 utilisfimum
581 1454 648 1504 fit,
673 1441 785 1496 'haud
808 1454 953 1496 frustra
979 1455 1280 1509 exspectamus:

155 1535 313 1588 tibique
348 1536 572 1576 rectionem
611 1533 811 1587 placidam
834 1549 882 1578 ac
908 1537 1072 1589 prorsus
1101 1537 1280 1578 fortuna-

155 1627 234 1658 tam
265 1628 451 1670 optamus
482 1628 649 1667 omneS‚
680 1630 850 1672 eamque
870 1620 1017 1659 merito
1051 1618 1281 1672 speramus!

211 1681 341 1753 Quod
367 1698 571 1753 superest:
614 1711 716 1749 vos,
762 1710 968 1753 quotquot
1011 1700 1078 1741 hic
1106 1700 1282 1750 adestis,

154 1792 237 1820 non
266 1782 336 1822 nifi
375 1780 503 1822 fausta
531 1794 714 1835 quaeque
746 1781 899 1823 solenni
929 1783 1010 1824 hoc
1050 1783 1114 1824 die
1142 1796 1281 1837 preca·

154 1862 251 1902 mini
279 1875 440 1905 nostrae
467 1863 731 1909 Academiae!
764 1864 882 1905 Faxit
911 1866 1035 1920 igitur
1059 1864 1179 1907 DEUs
1212 1879 1282 1907 01³-

105 1936 109 1941 *
155 1955 286 1984 'invius
317 1958 513 1988 MAxnuus
531 1977 543 1997 ‚
574 1939 634 1987 ‘ut
661 1960 713 1988 ex
739 1948 946 1989 communi
975 1948 1153 1988 omnium
1180 1959 1282 1988 voto

155 2027 254 2068 haec
298 2027 515 2068 Academia
553 2028 983 2084 Rheno-Trajeetina
1032 2031 1158 2085 magis
1199 2043 1280 2071 ma-

156 2110 296 2164 gisque
327 2111 410 2150 veri
440 2109 607 2151 honoris
633 2111 761 2152 studio
791 2113 989 2152 emineat!

576 2273 883 2315 DIXI.
