<?xml version="1.0" encoding="UTF-8"?>
<!DOCTYPE html PUBLIC "-//W3C//DTD XHTML 1.0 Transitional//EN"
    "http://www.w3.org/TR/xhtml1/DTD/xhtml1-transitional.dtd">
<html xmlns="http://www.w3.org/1999/xhtml" xml:lang="en" lang="en">
 <head>
  <title>
</title>
<meta http-equiv="Content-Type" content="text/html;charset=utf-8" />
  <meta name='ocr-system' content='tesseract 3.04.00' />
  <meta name='ocr-capabilities' content='ocr_page ocr_carea ocr_par ocr_line ocrx_word'/>
</head>
<body>
  <div class='ocr_page' id='page_1' title='image "annalesacademiae22acad_0128.png"; bbox 0 0 1519 2729; ppageno 0'>
   <div class='ocr_carea' id='block_1_1' title="bbox 688 177 915 235">
    <p class='ocr_par' dir='ltr' id='par_1_1' title="bbox 688 177 915 235">
     <span class='ocr_line' id='line_1_1' title="bbox 688 177 915 235; baseline 0.018 -11"><span class='ocrx_word' id='word_1_1' title='bbox 688 177 715 235; x_wconf 67' lang='grc' dir='ltr'>ζ</span> <span class='ocrx_word' id='word_1_2' title='bbox 777 194 829 224; x_wconf 77' lang='lat'>12·</span> <span class='ocrx_word' id='word_1_3' title='bbox 883 179 915 235; x_wconf 10' lang='lat' dir='ltr'>K)</span> 
     </span>
    </p>
   </div>
   <div class='ocr_carea' id='block_1_2' title="bbox 226 313 1369 1544">
    <p class='ocr_par' dir='ltr' id='par_1_2' title="bbox 226 313 1369 1484">
     <span class='ocr_line' id='line_1_2' title="bbox 235 313 1369 372; baseline -0.001 -14"><span class='ocrx_word' id='word_1_4' title='bbox 235 315 367 358; x_wconf 84' lang='lat' dir='ltr'>o&#39;culis</span> <span class='ocrx_word' id='word_1_5' title='bbox 392 316 702 371; x_wconf 85' lang='lat' dir='ltr'>conspicerent,</span> <span class='ocrx_word' id='word_1_6' title='bbox 733 318 909 372; x_wconf 77' lang='lat' dir='ltr'>qualem·</span> <span class='ocrx_word' id='word_1_7' title='bbox 928 319 970 359; x_wconf 91' lang='lat' dir='ltr'>in</span> <span class='ocrx_word' id='word_1_8' title='bbox 996 315 1191 371; x_wconf 83' lang='lat' dir='ltr'>Aegypto</span> <span class='ocrx_word' id='word_1_9' title='bbox 1219 313 1369 357; x_wconf 60' lang='lat' dir='ltr'>colueae</span> 
     </span>
     <span class='ocr_line' id='line_1_3' title="bbox 231 379 1362 442; baseline 0.001 -18"><span class='ocrx_word' id='word_1_10' title='bbox 231 386 332 426; x_wconf 82' lang='lat' dir='ltr'>rant.</span> <span class='ocrx_word' id='word_1_11' title='bbox 393 385 459 427; x_wconf 90' lang='lat' dir='ltr'>Ad</span> <span class='ocrx_word' id='word_1_12' title='bbox 481 390 681 442; x_wconf 81' lang='lat' dir='ltr'>angustias</span> <span class='ocrx_word' id='word_1_13' title='bbox 706 388 842 441; x_wconf 86' lang='lat' dir='ltr'>itaque</span> <span class='ocrx_word' id='word_1_14' title='bbox 882 388 1068 430; x_wconf 81' lang='lat' dir='ltr'>redactus</span> <span class='ocrx_word' id='word_1_15' title='bbox 1108 385 1268 435; x_wconf 68' lang='lat' dir='ltr'>Aaron,</span> <span class='ocrx_word' id='word_1_16' title='bbox 1310 379 1362 426; x_wconf 86' lang='lat' dir='ltr'>acl</span> 
     </span>
     <span class='ocr_line' id='line_1_4' title="bbox 231 453 1360 511; baseline -0.001 -16"><span class='ocrx_word' id='word_1_17' title='bbox 231 455 449 510; x_wconf 80' lang='lat' dir='ltr'>imaginem</span> <span class='ocrx_word' id='word_1_18' title='bbox 491 457 609 498; x_wconf 90' lang='lat' dir='ltr'>bovis</span> <span class='ocrx_word' id='word_1_19' title='bbox 640 459 738 499; x_wconf 84' lang='lat' dir='ltr'>sacri</span> <span class='ocrx_word' id='word_1_20' title='bbox 784 471 905 511; x_wconf 89' lang='lat' dir='ltr'>quem</span> <span class='ocrx_word' id='word_1_21' title='bbox 948 457 998 498; x_wconf 85' lang='lat' dir='ltr'>ab</span> <span class='ocrx_word' id='word_1_22' title='bbox 1022 455 1247 509; x_wconf 86' lang='lat' dir='ltr'>Aegyptiis</span> <span class='ocrx_word' id='word_1_23' title='bbox 1273 453 1360 495; x_wconf 87' lang='lat' dir='ltr'>coli</span> 
     </span>
     <span class='ocr_line' id='line_1_5' title="bbox 229 524 1360 583; baseline -0.001 -19"><span class='ocrx_word' id='word_1_24' title='bbox 229 525 413 583; x_wconf 68' lang='lat' dir='ltr'>viderat,</span> <span class='ocrx_word' id='word_1_25' title='bbox 457 525 630 567; x_wconf 84' lang='lat' dir='ltr'>vitulum</span> <span class='ocrx_word' id='word_1_26' title='bbox 659 538 821 569; x_wconf 86' lang='lat' dir='ltr'>aureum</span> <span class='ocrx_word' id='word_1_27' title='bbox 852 526 1156 582; x_wconf 89' lang='lat' dir='ltr'>quodammodo</span> <span class='ocrx_word' id='word_1_28' title='bbox 1194 524 1360 565; x_wconf 86' lang='lat' dir='ltr'>effinxit.</span> 
     </span>
     <span class='ocr_line' id='line_1_6' title="bbox 230 593 1368 650; baseline -0.002 -15"><span class='ocrx_word' id='word_1_29' title='bbox 230 593 331 649; x_wconf 84' lang='lat' dir='ltr'>Quo</span> <span class='ocrx_word' id='word_1_30' title='bbox 366 595 454 636; x_wconf 87' lang='lat' dir='ltr'>viso</span> <span class='ocrx_word' id='word_1_31' title='bbox 492 594 626 648; x_wconf 83' lang='lat' dir='ltr'>Apide</span> <span class='ocrx_word' id='word_1_32' title='bbox 669 597 849 650; x_wconf 89' lang='lat' dir='ltr'>populus</span> <span class='ocrx_word' id='word_1_33' title='bbox 900 597 1030 638; x_wconf 79' lang='lat' dir='ltr'>satiari</span> <span class='ocrx_word' id='word_1_34' title='bbox 1075 607 1157 636; x_wconf 89' lang='lat' dir='ltr'>non</span> <span class='ocrx_word' id='word_1_35' title='bbox 1193 594 1332 647; x_wconf 85' lang='lat' dir='ltr'>potuit</span> <span class='ocrx_word' id='word_1_36' title='bbox 1346 620 1368 643; x_wconf 44' lang='grc' dir='ltr'>,ι</span> 
     </span>
     <span class='ocr_line' id='line_1_7' title="bbox 230 661 1364 719; baseline -0.003 -13"><span class='ocrx_word' id='word_1_37' title='bbox 230 667 326 718; x_wconf 80' lang='lat' dir='ltr'>prae</span> <span class='ocrx_word' id='word_1_38' title='bbox 352 665 504 706; x_wconf 88' lang='lat' dir='ltr'>laetitia</span> <span class='ocrx_word' id='word_1_39' title='bbox 533 664 724 714; x_wconf 82' lang='lat' dir='ltr'>saltabat,</span> <span class='ocrx_word' id='word_1_40' title='bbox 757 666 1063 719; x_wconf 84' lang='lat' dir='ltr'>clamabatque:</span> <span class='ocrx_word' id='word_1_41' title='bbox 1125 663 1270 712; x_wconf 88' lang='lat' dir='ltr'>Ecce,</span> <span class='ocrx_word' id='word_1_42' title='bbox 1303 661 1364 703; x_wconf 65' lang='lat' dir='ltr'>Is«</span> 
     </span>
     <span class='ocr_line' id='line_1_8' title="bbox 229 731 1364 791; baseline -0.003 -17"><span class='ocrx_word' id='word_1_43' title='bbox 229 731 420 782; x_wconf 69' lang='lat' dir='ltr'>melitae,</span> <span class='ocrx_word' id='word_1_44' title='bbox 452 733 590 775; x_wconf 85' lang='lat' dir='ltr'>Deum</span> <span class='ocrx_word' id='word_1_45' title='bbox 625 745 830 782; x_wconf 85' lang='lat' dir='ltr'>vestrum,</span> <span class='ocrx_word' id='word_1_46' title='bbox 876 735 946 788; x_wconf 92' lang='lat' dir='ltr'>qui</span> <span class='ocrx_word' id='word_1_47' title='bbox 975 746 1024 775; x_wconf 86' lang='lat' dir='ltr'>ex</span> <span class='ocrx_word' id='word_1_48' title='bbox 1052 732 1250 791; x_wconf 60' lang='lat' dir='ltr'>Aegypqq,</span> <span class='ocrx_word' id='word_1_49' title='bbox 1286 744 1364 772; x_wconf 87' lang='lat' dir='ltr'>vos</span> 
     </span>
     <span class='ocr_line' id='line_1_9' title="bbox 227 803 1362 857; baseline 0 -15"><span class='ocrx_word' id='word_1_50' title='bbox 227 803 392 843; x_wconf 80' lang='lat' dir='ltr'>eduxit!</span> <span class='ocrx_word' id='word_1_51' title='bbox 437 803 674 857; x_wconf 86' lang='lat' dir='ltr'>clamorque</span> <span class='ocrx_word' id='word_1_52' title='bbox 710 803 947 844; x_wconf 89' lang='lat' dir='ltr'>audiebatur</span> <span class='ocrx_word' id='word_1_53' title='bbox 988 815 1062 857; x_wconf 88' lang='lat' dir='ltr'>per</span> <span class='ocrx_word' id='word_1_54' title='bbox 1102 813 1189 843; x_wconf 88' lang='lat' dir='ltr'>tota</span> <span class='ocrx_word' id='word_1_55' title='bbox 1218 812 1362 843; x_wconf 90' lang='lat' dir='ltr'>castra.</span> 
     </span>
     <span class='ocr_line' id='line_1_10' title="bbox 228 871 1367 926; baseline -0.004 -12"><span class='ocrx_word' id='word_1_56' title='bbox 228 872 332 914; x_wconf 86' lang='lat' dir='ltr'>Tam</span> <span class='ocrx_word' id='word_1_57' title='bbox 359 874 570 926; x_wconf 86' lang='lat' dir='ltr'>inopinato</span> <span class='ocrx_word' id='word_1_58' title='bbox 599 872 735 922; x_wconf 82' lang='lat' dir='ltr'>malo,</span> <span class='ocrx_word' id='word_1_59' title='bbox 781 883 975 926; x_wconf 90' lang='lat' dir='ltr'>tantoque</span> <span class='ocrx_word' id='word_1_60' title='bbox 1017 883 1192 926; x_wconf 87' lang='lat' dir='ltr'>peccato</span> <span class='ocrx_word' id='word_1_61' title='bbox 1230 871 1367 912; x_wconf 51' lang='lat' dir='ltr'>omnis¹</span> 
     </span>
     <span class='ocr_line' id='line_1_11' title="bbox 230 940 1363 997; baseline -0.004 -12"><span class='ocrx_word' id='word_1_62' title='bbox 230 944 388 985; x_wconf 83' lang='lat' dir='ltr'>tandem</span> <span class='ocrx_word' id='word_1_63' title='bbox 429 943 586 985; x_wconf 80' lang='lat' dir='ltr'>consilii</span> <span class='ocrx_word' id='word_1_64' title='bbox 630 955 776 997; x_wconf 83' lang='lat' dir='ltr'><strong>expers</strong></span> <span class='ocrx_word' id='word_1_65' title='bbox 816 942 953 984; x_wconf 65' lang='lat' dir='ltr'>Aaron</span> <span class='ocrx_word' id='word_1_66' title='bbox 998 942 1175 996; x_wconf 86' lang='lat' dir='ltr'>aliquam</span> <span class='ocrx_word' id='word_1_67' title='bbox 1222 940 1363 982; x_wconf 83' lang='lat' dir='ltr'>afferre</span> 
     </span>
     <span class='ocr_line' id='line_1_12' title="bbox 229 1012 1363 1071; baseline -0.001 -17"><span class='ocrx_word' id='word_1_68' title='bbox 229 1013 424 1055; x_wconf 85' lang='lat' dir='ltr'>medelam</span> <span class='ocrx_word' id='word_1_69' title='bbox 454 1025 623 1071; x_wconf 64' lang='lat' dir='ltr'>conatus</span> <span class='ocrx_word' id='word_1_70' title='bbox 647 1025 722 1054; x_wconf 87' lang='lat' dir='ltr'>est.</span> <span class='ocrx_word' id='word_1_71' title='bbox 781 1012 921 1055; x_wconf 87' lang='lat' dir='ltr'>Altare</span> <span class='ocrx_word' id='word_1_72' title='bbox 953 1014 1146 1056; x_wconf 82' lang='lat' dir='ltr'>exstruxit</span> <span class='ocrx_word' id='word_1_73' title='bbox 1189 1024 1230 1054; x_wconf 86' lang='lat' dir='ltr'>et</span> <span class='ocrx_word' id='word_1_74' title='bbox 1265 1025 1363 1067; x_wconf 91' lang='lat' dir='ltr'>pos-</span> 
     </span>
     <span class='ocr_line' id='line_1_13' title="bbox 228 1082 1364 1138; baseline -0.002 -14"><span class='ocrx_word' id='word_1_75' title='bbox 228 1093 318 1124; x_wconf 85' lang='lat' dir='ltr'>tero</span> <span class='ocrx_word' id='word_1_76' title='bbox 346 1083 410 1124; x_wconf 86' lang='lat' dir='ltr'>die</span> <span class='ocrx_word' id='word_1_77' title='bbox 440 1085 481 1123; x_wconf 92' lang='lat' dir='ltr'>in</span> <span class='ocrx_word' id='word_1_78' title='bbox 504 1084 702 1124; x_wconf 88' lang='lat' dir='ltr'>honorem</span> <span class='ocrx_word' id='word_1_79' title='bbox 726 1083 906 1138; x_wconf 87' lang='lat' dir='ltr'>Jehovae</span> <span class='ocrx_word' id='word_1_80' title='bbox 937 1084 1086 1126; x_wconf 87' lang='lat' dir='ltr'>festum</span> <span class='ocrx_word' id='word_1_81' title='bbox 1117 1084 1224 1125; x_wconf 87' lang='lat' dir='ltr'>diem</span> <span class='ocrx_word' id='word_1_82' title='bbox 1253 1082 1364 1125; x_wconf 87' lang='lat' dir='ltr'>cele-</span> 
     </span>
     <span class='ocr_line' id='line_1_14' title="bbox 228 1149 1364 1208; baseline 0.002 -18"><span class='ocrx_word' id='word_1_83' title='bbox 228 1149 334 1191; x_wconf 88' lang='lat' dir='ltr'>brari</span> <span class='ocrx_word' id='word_1_84' title='bbox 356 1151 548 1192; x_wconf 86' lang='lat' dir='ltr'>decrevit.</span> <span class='ocrx_word' id='word_1_85' title='bbox 608 1152 734 1194; x_wconf 83' lang='lat' dir='ltr'>Mane</span> <span class='ocrx_word' id='word_1_86' title='bbox 757 1154 839 1208; x_wconf 81' lang='lat' dir='ltr'>jam</span> <span class='ocrx_word' id='word_1_87' title='bbox 862 1154 999 1196; x_wconf 82' lang='lat' dir='ltr'>aderat</span> <span class='ocrx_word' id='word_1_88' title='bbox 1030 1153 1233 1208; x_wconf 88' lang='lat' dir='ltr'>populus,</span> <span class='ocrx_word' id='word_1_89' title='bbox 1264 1151 1364 1193; x_wconf 84' lang='lat' dir='ltr'>Deo</span> 
     </span>
     <span class='ocr_line' id='line_1_15' title="bbox 227 1221 1364 1266; baseline 0.002 -5"><span class='ocrx_word' id='word_1_90' title='bbox 227 1221 371 1262; x_wconf 88' lang='lat' dir='ltr'>lubens</span> <span class='ocrx_word' id='word_1_91' title='bbox 394 1221 588 1265; x_wconf 82' lang='lat' dir='ltr'>sacrificia</span> <span class='ocrx_word' id='word_1_92' title='bbox 613 1222 837 1264; x_wconf 89' lang='lat' dir='ltr'>oblaturus.</span> <span class='ocrx_word' id='word_1_93' title='bbox 899 1223 957 1264; x_wconf 87' lang='lat' dir='ltr'>At</span> <span class='ocrx_word' id='word_1_94' title='bbox 987 1237 1086 1264; x_wconf 89' lang='lat' dir='ltr'>vero</span> <span class='ocrx_word' id='word_1_95' title='bbox 1124 1221 1364 1266; x_wconf 85' lang='lat' dir='ltr'>libidinibus</span> 
     </span>
     <span class='ocr_line' id='line_1_16' title="bbox 228 1283 1364 1349; baseline 0.003 -19"><span class='ocrx_word' id='word_1_96' title='bbox 228 1289 306 1330; x_wconf 89' lang='lat' dir='ltr'>suis</span> <span class='ocrx_word' id='word_1_97' title='bbox 336 1302 433 1331; x_wconf 83' lang='lat' dir='ltr'>mox</span> <span class='ocrx_word' id='word_1_98' title='bbox 460 1290 646 1345; x_wconf 82' lang='lat' dir='ltr'>abrepti,</span> <span class='ocrx_word' id='word_1_99' title='bbox 693 1305 777 1347; x_wconf 90' lang='lat' dir='ltr'>quo</span> <span class='ocrx_word' id='word_1_100' title='bbox 799 1292 912 1335; x_wconf 90' lang='lat' dir='ltr'>cultu</span> <span class='ocrx_word' id='word_1_101' title='bbox 937 1295 978 1334; x_wconf 88' lang='lat' dir='ltr'>in</span> <span class='ocrx_word' id='word_1_102' title='bbox 1007 1293 1204 1349; x_wconf 87' lang='lat' dir='ltr'>Aegypto</span> <span class='ocrx_word' id='word_1_103' title='bbox 1236 1283 1364 1346; x_wconf 79' lang='lat' dir='ltr'>Apim</span> 
     </span>
     <span class='ocr_line' id='line_1_17' title="bbox 226 1358 1364 1412; baseline 0.004 -14"><span class='ocrx_word' id='word_1_104' title='bbox 226 1358 433 1412; x_wconf 84' lang='lat' dir='ltr'>prosecuti</span> <span class='ocrx_word' id='word_1_105' title='bbox 467 1360 653 1411; x_wconf 84' lang='lat' dir='ltr'>fuerant,</span> <span class='ocrx_word' id='word_1_106' title='bbox 698 1363 844 1404; x_wconf 87' lang='lat' dir='ltr'>eodem</span> <span class='ocrx_word' id='word_1_107' title='bbox 887 1376 995 1408; x_wconf 83' lang='lat' dir='ltr'>nunc</span> <span class='ocrx_word' id='word_1_108' title='bbox 1024 1374 1264 1404; x_wconf 86' lang='lat' dir='ltr'>venerantur</span> <span class='ocrx_word' id='word_1_109' title='bbox 1303 1363 1364 1402; x_wconf 86' lang='lat' dir='ltr'>vi·-</span> 
     </span>
     <span class='ocr_line' id='line_1_18' title="bbox 229 1427 1362 1484; baseline 0.004 -15"><span class='ocrx_word' id='word_1_110' title='bbox 229 1427 359 1470; x_wconf 84' lang='lat' dir='ltr'>tulutn</span> <span class='ocrx_word' id='word_1_111' title='bbox 391 1427 488 1484; x_wconf 77' lang='lat' dir='ltr'>(a).</span> <span class='ocrx_word' id='word_1_112' title='bbox 563 1430 733 1484; x_wconf 83' lang='lat' dir='ltr'>Edunt,</span> <span class='ocrx_word' id='word_1_113' title='bbox 780 1432 957 1484; x_wconf 86' lang='lat' dir='ltr'>bibunt,</span> <span class='ocrx_word' id='word_1_114' title='bbox 1002 1432 1154 1479; x_wconf 86' lang='lat' dir='ltr'>lascive</span> <span class='ocrx_word' id='word_1_115' title='bbox 1191 1432 1362 1480; x_wconf 87' lang='lat' dir='ltr'>ludunt,</span> 
     </span>
    </p>

    <p class='ocr_par' dir='ltr' id='par_1_3' title="bbox 1303 1513 1364 1544">
     <span class='ocr_line' id='line_1_19' title="bbox 1303 1513 1364 1544; baseline 0 0"><span class='ocrx_word' id='word_1_116' title='bbox 1303 1513 1364 1544; x_wconf 87' lang='lat' dir='ltr'>at-</span> 
     </span>
    </p>
   </div>
   <div class='ocr_carea' id='block_1_3' title="bbox 224 1598 1364 2268">
    <p class='ocr_par' dir='ltr' id='par_1_4' title="bbox 224 1598 1364 2268">
     <span class='ocr_line' id='line_1_20' title="bbox 233 1598 1364 1649; baseline 0.001 -14"><span class='ocrx_word' id='word_1_117' title='bbox 233 1598 238 1600; x_wconf 42' lang='lat'><em>*</em></span> <span class='ocrx_word' id='word_1_118' title='bbox 273 1598 337 1646; x_wconf 79' lang='grc' dir='ltr'>(α)</span> <span class='ocrx_word' id='word_1_119' title='bbox 362 1603 449 1636; x_wconf 77' lang='lat' dir='ltr'>Hinc</span> <span class='ocrx_word' id='word_1_120' title='bbox 468 1605 646 1648; x_wconf 85' lang='lat' dir='ltr'>perspicue</span> <span class='ocrx_word' id='word_1_121' title='bbox 675 1614 793 1649; x_wconf 85' lang='lat' dir='ltr'>patet,</span> <span class='ocrx_word' id='word_1_122' title='bbox 816 1603 981 1639; x_wconf 85' lang='lat' dir='ltr'>idolorum</span> <span class='ocrx_word' id='word_1_123' title='bbox 1007 1604 1134 1640; x_wconf 88' lang='lat' dir='ltr'>cultum</span> <span class='ocrx_word' id='word_1_124' title='bbox 1162 1612 1238 1639; x_wconf 86' lang='lat' dir='ltr'>cum</span> <span class='ocrx_word' id='word_1_125' title='bbox 1261 1611 1364 1647; x_wconf 86' lang='lat' dir='ltr'>pere-</span> 
     </span>
     <span class='ocr_line' id='line_1_21' title="bbox 225 1659 1364 1704; baseline 0.003 -14"><span class='ocrx_word' id='word_1_126' title='bbox 225 1659 394 1700; x_wconf 85' lang='lat' dir='ltr'>grinorum</span> <span class='ocrx_word' id='word_1_127' title='bbox 423 1660 575 1693; x_wconf 83' lang='lat' dir='ltr'>Deorum</span> <span class='ocrx_word' id='word_1_128' title='bbox 602 1663 820 1695; x_wconf 85' lang='lat' dir='ltr'>veneratione</span> <span class='ocrx_word' id='word_1_129' title='bbox 846 1661 1000 1704; x_wconf 82' lang='lat' dir='ltr'>proxime</span> <span class='ocrx_word' id='word_1_130' title='bbox 1026 1661 1097 1694; x_wconf 88' lang='lat' dir='ltr'>esse</span> <span class='ocrx_word' id='word_1_131' title='bbox 1126 1661 1364 1702; x_wconf 81' lang='lat' dir='ltr'>coniunctum,</span> 
     </span>
     <span class='ocr_line' id='line_1_22' title="bbox 227 1716 1363 1763; baseline 0.002 -15"><span class='ocrx_word' id='word_1_132' title='bbox 227 1723 263 1763; x_wconf 77' lang='lat' dir='ltr'>et</span> <span class='ocrx_word' id='word_1_133' title='bbox 287 1716 446 1758; x_wconf 70' lang='lat' dir='ltr'>Israelitas</span> <span class='ocrx_word' id='word_1_134' title='bbox 469 1717 502 1749; x_wconf 91' lang='lat' dir='ltr'>in</span> <span class='ocrx_word' id='word_1_135' title='bbox 527 1717 676 1751; x_wconf 85' lang='lat' dir='ltr'>colendis</span> <span class='ocrx_word' id='word_1_136' title='bbox 698 1717 889 1761; x_wconf 79' lang='lat' dir='ltr'>imaginibus</span> <span class='ocrx_word' id='word_1_137' title='bbox 931 1727 1040 1762; x_wconf 88' lang='lat' dir='ltr'>prope</span> <span class='ocrx_word' id='word_1_138' title='bbox 1077 1716 1219 1751; x_wconf 87' lang='lat' dir='ltr'>abfuisse</span> <span class='ocrx_word' id='word_1_139' title='bbox 1235 1741 1246 1758; x_wconf 93' lang='lat'>‚</span> <span class='ocrx_word' id='word_1_140' title='bbox 1282 1717 1363 1761; x_wconf 90' lang='lat' dir='ltr'>quin</span> 
     </span>
     <span class='ocr_line' id='line_1_23' title="bbox 224 1771 1360 1819; baseline 0.002 -15"><span class='ocrx_word' id='word_1_141' title='bbox 224 1771 265 1805; x_wconf 84' lang='lat' dir='ltr'>ab</span> <span class='ocrx_word' id='word_1_142' title='bbox 279 1773 368 1819; x_wconf 24' lang='lat' dir='ltr'>“ipso</span> <span class='ocrx_word' id='word_1_143' title='bbox 396 1773 523 1818; x_wconf 82' lang='lat' dir='ltr'>Jehova</span> <span class='ocrx_word' id='word_1_144' title='bbox 545 1773 745 1809; x_wconf 87' lang='lat' dir='ltr'>deficerent.</span> <span class='ocrx_word' id='word_1_145' title='bbox 812 1777 929 1818; x_wconf 83' lang='lat' dir='ltr'>Itaque</span> <span class='ocrx_word' id='word_1_146' title='bbox 957 1784 1071 1818; x_wconf 88' lang='lat' dir='ltr'>neque</span> <span class='ocrx_word' id='word_1_147' title='bbox 1108 1774 1266 1807; x_wconf 83' lang='lat' dir='ltr'>assentior</span> <span class='ocrx_word' id='word_1_148' title='bbox 1292 1774 1331 1807; x_wconf 91' lang='lat' dir='ltr'>iis</span> <span class='ocrx_word' id='word_1_149' title='bbox 1348 1799 1360 1814; x_wconf 92' lang='lat'><strong><em>‚</em></strong></span> 
     </span>
     <span class='ocr_line' id='line_1_24' title="bbox 225 1829 1361 1875; baseline 0.003 -14"><span class='ocrx_word' id='word_1_150' title='bbox 225 1829 283 1871; x_wconf 81' lang='lat' dir='ltr'>qni</span> <span class='ocrx_word' id='word_1_151' title='bbox 311 1829 470 1874; x_wconf 82' lang='lat' dir='ltr'>Jehovam</span> <span class='ocrx_word' id='word_1_152' title='bbox 494 1831 550 1865; x_wconf 90' lang='lat' dir='ltr'>sub</span> <span class='ocrx_word' id='word_1_153' title='bbox 580 1831 675 1864; x_wconf 85' lang='lat' dir='ltr'>vituli</span> <span class='ocrx_word' id='word_1_154' title='bbox 698 1831 809 1875; x_wconf 85' lang='lat' dir='ltr'>specie</span> <span class='ocrx_word' id='word_1_155' title='bbox 834 1831 873 1864; x_wconf 91' lang='lat' dir='ltr'>ab</span> <span class='ocrx_word' id='word_1_156' title='bbox 899 1832 1055 1866; x_wconf 61' lang='lat' dir='ltr'>Israelitis</span> <span class='ocrx_word' id='word_1_157' title='bbox 1085 1831 1210 1865; x_wconf 89' lang='lat' dir='ltr'>Divino</span> <span class='ocrx_word' id='word_1_158' title='bbox 1231 1829 1361 1864; x_wconf 84' lang='lat' dir='ltr'>honore</span> 
     </span>
     <span class='ocr_line' id='line_1_25' title="bbox 224 1885 1361 1930; baseline -0.001 -11"><span class='ocrx_word' id='word_1_159' title='bbox 224 1886 322 1919; x_wconf 84' lang='lat' dir='ltr'>fuisse</span> <span class='ocrx_word' id='word_1_160' title='bbox 366 1886 521 1920; x_wconf 82' lang='lat' dir='ltr'>affectum</span> <span class='ocrx_word' id='word_1_161' title='bbox 550 1888 753 1922; x_wconf 83' lang='lat' dir='ltr'>existiment.</span> <span class='ocrx_word' id='word_1_162' title='bbox 799 1888 960 1928; x_wconf 85' lang='lat' dir='ltr'>Etenim,</span> <span class='ocrx_word' id='word_1_163' title='bbox 998 1888 1127 1930; x_wconf 83' lang='lat' dir='ltr'>gravius</span> <span class='ocrx_word' id='word_1_164' title='bbox 1155 1885 1332 1929; x_wconf 88' lang='lat' dir='ltr'>deliquisse</span> <span class='ocrx_word' id='word_1_165' title='bbox 1349 1911 1361 1928; x_wconf 91' lang='lat'><em>‚</em></span> 
     </span>
     <span class='ocr_line' id='line_1_26' title="bbox 226 1939 1361 1986; baseline 0 -12"><span class='ocrx_word' id='word_1_166' title='bbox 226 1939 326 1975; x_wconf 77' lang='lat' dir='ltr'>immo</span> <span class='ocrx_word' id='word_1_167' title='bbox 363 1944 488 1977; x_wconf 87' lang='lat' dir='ltr'>crimen</span> <span class='ocrx_word' id='word_1_168' title='bbox 526 1944 629 1977; x_wconf 88' lang='lat' dir='ltr'>laesae</span> <span class='ocrx_word' id='word_1_169' title='bbox 658 1944 832 1986; x_wconf 75' lang='lat' dir='ltr'>majestatis</span> <span class='ocrx_word' id='word_1_170' title='bbox 861 1941 1058 1977; x_wconf 72' lang='lat' dir='ltr'>commisisse</span> <span class='ocrx_word' id='word_1_171' title='bbox 1095 1941 1252 1977; x_wconf 83' lang='lat' dir='ltr'>censendi</span> <span class='ocrx_word' id='word_1_172' title='bbox 1287 1941 1361 1975; x_wconf 88' lang='lat' dir='ltr'>sunt</span> 
     </span>
     <span class='ocr_line' id='line_1_27' title="bbox 224 1997 1360 2044; baseline 0.001 -13"><span class='ocrx_word' id='word_1_173' title='bbox 224 1998 389 2032; x_wconf 66' lang='lat' dir='ltr'>Isi-aelitae</span> <span class='ocrx_word' id='word_1_174' title='bbox 405 2024 415 2040; x_wconf 91' lang='lat'>,</span> <span class='ocrx_word' id='word_1_175' title='bbox 454 1999 565 2034; x_wconf 80' lang='lat' dir='ltr'>Exod.</span> <span class='ocrx_word' id='word_1_176' title='bbox 579 2001 715 2034; x_wconf 85' lang='lat' dir='ltr'>XXXII:</span> <span class='ocrx_word' id='word_1_177' title='bbox 740 2001 762 2035; x_wconf 92' lang='lat'><strong>6</strong></span> <span class='ocrx_word' id='word_1_178' title='bbox 777 2025 787 2040; x_wconf 88' lang='lat'>,</span> <span class='ocrx_word' id='word_1_179' title='bbox 810 2010 854 2044; x_wconf 82' lang='lat'>7,</span> <span class='ocrx_word' id='word_1_180' title='bbox 870 2002 887 2035; x_wconf 88' lang='lat'>8</span> <span class='ocrx_word' id='word_1_181' title='bbox 904 2025 915 2039; x_wconf 84' lang='lat'><strong>‚</strong></span> <span class='ocrx_word' id='word_1_182' title='bbox 938 2008 981 2042; x_wconf 83' lang='lat'>25</span> <span class='ocrx_word' id='word_1_183' title='bbox 998 2019 1012 2026; x_wconf 93' lang='lat'><em>-</em></span> <span class='ocrx_word' id='word_1_184' title='bbox 1027 2009 1070 2041; x_wconf 83' lang='grc' dir='ltr'>3ο</span> <span class='ocrx_word' id='word_1_185' title='bbox 1085 2024 1095 2039; x_wconf 82' lang='lat'>‚</span> <span class='ocrx_word' id='word_1_186' title='bbox 1120 2008 1158 2041; x_wconf 83' lang='lat'>31</span> <span class='ocrx_word' id='word_1_187' title='bbox 1178 2021 1189 2038; x_wconf 91' lang='lat'>,</span> <span class='ocrx_word' id='word_1_188' title='bbox 1212 1997 1360 2040; x_wconf 79' lang='lat' dir='ltr'>inprimis</span> 
     </span>
     <span class='ocr_line' id='line_1_28' title="bbox 226 2054 1358 2100; baseline 0 -13"><span class='ocrx_word' id='word_1_189' title='bbox 226 2055 379 2097; x_wconf 48' lang='lat' dir='ltr'>&amp;xxlllz</span> <span class='ocrx_word' id='word_1_190' title='bbox 426 2065 439 2089; x_wconf 88' lang='lat'>1</span> <span class='ocrx_word' id='word_1_191' title='bbox 460 2066 521 2098; x_wconf 88' lang='lat'>-4.</span> <span class='ocrx_word' id='word_1_192' title='bbox 564 2056 614 2090; x_wconf 86' lang='lat' dir='ltr'>Ps.</span> <span class='ocrx_word' id='word_1_193' title='bbox 651 2056 741 2090; x_wconf 92' lang='lat' dir='ltr'><strong>CVI:</strong></span> <span class='ocrx_word' id='word_1_194' title='bbox 783 2065 924 2100; x_wconf 83' lang='lat'><em>19-24.</em></span> <span class='ocrx_word' id='word_1_195' title='bbox 961 2056 1049 2090; x_wconf 81' lang='lat' dir='ltr'>Con.</span> <span class='ocrx_word' id='word_1_196' title='bbox 1077 2055 1157 2089; x_wconf 87' lang='lat' dir='ltr'>Act.</span> <span class='ocrx_word' id='word_1_197' title='bbox 1183 2054 1260 2088; x_wconf 86' lang='lat' dir='ltr'>VII:</span> <span class='ocrx_word' id='word_1_198' title='bbox 1286 2063 1358 2097; x_wconf 87' lang='lat'>41,</span> 
     </span>
     <span class='ocr_line' id='line_1_29' title="bbox 230 2110 1358 2154; baseline -0.004 -8"><span class='ocrx_word' id='word_1_199' title='bbox 230 2122 243 2146; x_wconf 87' lang='lat'><em>1</em></span> <span class='ocrx_word' id='word_1_200' title='bbox 262 2113 345 2144; x_wconf 67' lang='lat' dir='ltr'>Cor.</span> <span class='ocrx_word' id='word_1_201' title='bbox 374 2113 414 2144; x_wconf 85' lang='lat' dir='ltr'>X:</span> <span class='ocrx_word' id='word_1_202' title='bbox 428 2121 462 2154; x_wconf 89' lang='lat'>7.</span> <span class='ocrx_word' id='word_1_203' title='bbox 508 2112 585 2146; x_wconf 88' lang='lat' dir='ltr'>Nec</span> <span class='ocrx_word' id='word_1_204' title='bbox 616 2121 722 2145; x_wconf 81' lang='lat' dir='ltr'>tamen</span> <span class='ocrx_word' id='word_1_205' title='bbox 751 2121 866 2145; x_wconf 87' lang='lat' dir='ltr'>omnes</span> <span class='ocrx_word' id='word_1_206' title='bbox 892 2112 1010 2144; x_wconf 88' lang='lat' dir='ltr'>nullam</span> <span class='ocrx_word' id='word_1_207' title='bbox 1039 2110 1172 2144; x_wconf 87' lang='lat' dir='ltr'>omnino</span> <span class='ocrx_word' id='word_1_208' title='bbox 1199 2110 1358 2143; x_wconf 87' lang='lat' dir='ltr'>rationem</span> 
     </span>
     <span class='ocr_line' id='line_1_30' title="bbox 225 2164 1362 2213; baseline -0.002 -13"><span class='ocrx_word' id='word_1_209' title='bbox 225 2166 372 2201; x_wconf 75' lang='lat' dir='ltr'>habuisse</span> <span class='ocrx_word' id='word_1_210' title='bbox 401 2167 549 2213; x_wconf 77' lang='lat' dir='ltr'>Jehovae</span> <span class='ocrx_word' id='word_1_211' title='bbox 587 2168 618 2201; x_wconf 83' lang='lat' dir='ltr'>in</span> <span class='ocrx_word' id='word_1_212' title='bbox 647 2167 793 2202; x_wconf 89' lang='lat' dir='ltr'>colendo</span> <span class='ocrx_word' id='word_1_213' title='bbox 828 2166 936 2199; x_wconf 85' lang='lat' dir='ltr'>vitulo</span> <span class='ocrx_word' id='word_1_214' title='bbox 966 2175 1071 2199; x_wconf 86' lang='lat' dir='ltr'>aureo</span> <span class='ocrx_word' id='word_1_215' title='bbox 1098 2165 1241 2201; x_wconf 86' lang='lat' dir='ltr'>nondum</span> <span class='ocrx_word' id='word_1_216' title='bbox 1277 2164 1362 2199; x_wconf 72' lang='lat' dir='ltr'>mihi</span> 
     </span>
     <span class='ocr_line' id='line_1_31' title="bbox 225 2223 1111 2268; baseline 0.001 -11"><span class='ocrx_word' id='word_1_217' title='bbox 225 2223 409 2268; x_wconf 80' lang='lat' dir='ltr'>persuadeo</span> <span class='ocrx_word' id='word_1_218' title='bbox 437 2233 577 2268; x_wconf 79' lang='lat' dir='ltr'>propter</span> <span class='ocrx_word' id='word_1_219' title='bbox 606 2224 718 2259; x_wconf 79' lang='lat' dir='ltr'>Exod.</span> <span class='ocrx_word' id='word_1_220' title='bbox 745 2223 884 2258; x_wconf 83' lang='lat' dir='ltr'>XXXII:</span> <span class='ocrx_word' id='word_1_221' title='bbox 910 2223 1031 2266; x_wconf 75' lang='lat'><strong>4-6&#39;.‚</strong></span> <span class='ocrx_word' id='word_1_222' title='bbox 1055 2224 1111 2258; x_wconf 80' lang='lat'>28.</span> 
     </span>
    </p>
   </div>
   <div class='ocr_carea' id='block_1_4' title="bbox 1252 2332 1271 2371">
    <p class='ocr_par' dir='ltr' id='par_1_5' title="bbox 1252 2332 1271 2371">
     <span class='ocr_line' id='line_1_32' title="bbox 1252 2332 1271 2371; baseline 0 0"><span class='ocrx_word' id='word_1_223' title='bbox 1252 2332 1271 2371; x_wconf 66' lang='lat'><em>2</em></span> 
     </span>
    </p>
   </div>
  </div>
 </body>
</html>
