1519 2729
725 137 759 237 i<
815 199 871 228 22,
925 183 959 238 )1

253 320 369 368 vaide
397 320 680 377 imperfectum
709 323 1164 377 estsimmovineptum
1191 321 1271 364 dici
1293 332 1381 363 me.-¹
1404 341 1410 347 -

249 415 385 456 retur,
415 406 605 460 quodque
641 405 828 459 prudenti
867 405 1118 460 philosopho
1161 405 1396 447 vehemen-·

253 500 314 531 ter
339 489 564 543 displiceat.
623 488 681 530 At
709 490 749 530 in
778 486 863 543 ipsa
893 500 1023 530 tamen
1065 488 1379 542 imperfectione

250 571 321 614 sua
345 571 394 612 ad
422 571 600 616 indolem
624 584 717 614 cum
745 571 1014 614 Orientalium
1050 571 1261 620 universe,
1293 582 1379 612 tum

248 653 430 704 Arabum
459 656 499 695 in
523 656 663 707 primis
686 654 876 710 fingulariv
909 655 1034 696 modo
1071 654 1382 696 accommodata

249 747 341 787 est,
372 748 413 777 et
440 737 490 777 ad
519 737 713 787 honoris,
746 737 905 792 qualem
934 738 975 778 hi
1005 738 1219 785 amabant,
1261 737 1382 777 studi-

251 828 321 860 um
347 819 531 861 alendum
550 850 563 872 ‚
601 820 855 875 augendum,
901 820 1086 873 beneque
1129 818 1384 874 dirigendum

252 900 370 942 valde
398 902 536 944 efficax
563 916 603 943 et
630 903 787 944 idonea.
847 902 915 944 Ne
943 903 1041 956 quid
1062 904 1168 943 enim
1211 901 1260 942 de
1297 901 1385 942 Co·

251 992 361 1035 ζιΑΝι
404 985 584 1026 dictione
620 986 854 1038 proferam,
897 987 937 1026 in
982 998 1059 1039 qua
1096 987 1199 1026 inest
1231 983 1385 1037 aliquid

250 1066 427 1120 grande,
459 1068 748 1123 magnificum,
793 1068 1073 1122 splendidum,
1121 1066 1234 1121 quod
1274 1079 1386 1107 men-

251 1159 334 1198 tem
372 1148 511 1190 efferat
548 1149 798 1204 affectusque
832 1151 954 1191 animi
988 1149 1182 1205 generose
1209 1150 1384 1190 excitet:

251 1240 364 1281 tota,
396 1244 496 1284 qnae
526 1219 747 1272 hoc-libro
789 1234 1051 1283 continetur,
1097 1232 1282 1272 doctrina
1310 1232 1385 1273 ho-

251 1314 350 1354 mini
378 1296 534 1364 Artibi,
565 1316 632 1356 cui
661 1316 802 1355 intima
830 1310 970 1356 infidet
996 1315 1044 1355 de
1088 1314 1259 1356 coelesti
1299 1315 1388 1369 ejus

251 1397 410 1451 origine
440 1384 668 1450 persuasio,
700 1409 869 1453 magnos
897 1398 1030 1452 injicit
1066 1398 1115 1438 de
1152 1399 1218 1439 sua
1253 1397 1387 1452 digni-

251 1490 331 1519 tate
362 1479 522 1530 sensus‚
555 1463 789 1533 tantumque
819 1491 958 1521 movet
987 1480 1141 1535 gloriae
1176 1492 1384 1532 amorem,

217 1597 220 1600 .
251 1573 422 1616 quantus
452 1562 500 1603 ad
528 1564 691 1618 egregia
718 1551 903 1617 quaeque
932 1562 1200 1618 aggredienda
1229 1575 1275 1604 ac
1294 1575 1386 1616 per-

250 1645 448 1698 sequenda
487 1645 617 1698 ipsum
654 1645 776 1687 facile
814 1645 996 1699 impellat
1036 1631 1308 1699 stimuletquess
1339 1661 1386 1672 -

247 1727 386 1781 Atque
416 1729 552 1769 eadem
583 1730 702 1769 etiam
729 1728 878 1784 religio
901 1728 1017 1783 plura
1057 1728 1180 1768 habet
1215 1727 1263 1768 ad
1299 1726 1385 1768 veri

248 1810 416 1851 honoris
437 1811 621 1852 ardorem
650 1811 978 1852 inflammandum
1009 1822 1255 1864 comparata.
1308 1809 1383 1851 Su-
1439 1815 1445 1817 ⁴

192 1920 196 1924 -
248 1893 430 1946 perbiam
454 1896 560 1935 enim
590 1894 795 1948 improbat
824 1893 1170 1949 Deo'ingratam3
1206 1892 1382 1934 aemuia-

248 1977 400 2017 tionem
444 1978 592 2030 probat
631 1977 729 2018 boni
765 1978 949 2031 rectique
991 1976 1121 2018 studio
1150 1977 1381 2016 animatam.

247 2055 476 2100 Lenitatem
495 2090 507 2109 ,
539 2060 905 2110 mansuetudinem,
949 2058 1297 2113 hospitalitatem,
1329 2058 1380 2099 li-

245 2140 524 2192 beralitatem,
584 2143 722 2184 decori
763 2155 883 2197 atque
924 2143 1085 2183 honesti
1127 2141 1378 2183 observatio-

245 2232 362 2276 nem,
419 2224 512 2267 fidei
547 2226 755 2285 immotam
811 2225 1097 2276 constantiam„
1159 2226 1374 2278 omniaque

1284 2321 1371 2349 om-
