1519 2729
709 108 939 167 (74)

268 248 330 289 eis
356 250 396 290 in
421 248 554 290 lucem
575 260 727 303 ponere
745 278 759 299 ,
789 249 955 305 eiusque
984 246 1197 307 utilitatem
1225 247 1376 291 indica-

266 326 311 359 te
339 319 592 360 conabimur.

321 388 450 428 Adest
477 389 517 428 in
544 388 706 429 homine
732 387 900 431 facultas
935 390 1126 444 quaedam
1157 388 1338 443 superior
1354 417 1370 440 ,

265 455 486 511 (organum
511 456 688 510 morale)
716 471 794 512 qua
824 460 930 500 ideas
961 459 1144 519 agisciscit
1170 458 1374 508 morales,

261 526 388 567 veluti
405 526 452 567 de
476 527 582 568 iusto
603 539 644 568 et
660 541 789 582 aequo
804 558 816 577 ,
849 541 1022 569 caeteras
1036 560 1050 578 ‚
1081 541 1182 582 quae
1204 541 1296 569 cum
1310 528 1374 568 his

259 607 370 636 arcte
399 596 629 638 cohaerent.
679 595 768 637 Hac
796 597 987 637 facultate
1033 598 1111 639 sese
1139 597 1189 638 ad
1214 598 1375 638 virtutis

259 666 497 718 obsequium
530 677 666 706 natum
693 665 777 705 esse
803 668 1000 720 percipit3
1034 668 1110 708 hac
1138 667 1247 706 ideas
1280 665 1373 706 illas

256 733 481 787 superiores
515 736 694 787 accipit;
727 734 802 776 hac
827 749 959 777 veram
987 738 1146 778 virtutis
1189 735 1372 789 pulchri-

255 803 434 844 tudinem
457 805 700 859 cognoscit;
731 816 771 845 et
797 807 852 846 ita
880 806 1087 847 honestum
1118 818 1212 859 prae
1230 807 1369 859 turpi,

252 873 401 915 iustum
419 886 513 927 prae
538 876 710 925 iniusto,
740 888 911 929 aequum
937 890 1032 930 prae
1051 877 1196 928 iniquo
1210 873 1368 926 laudat,

252 945 452 998 quicquid
493 945 647 986 bonum
687 945 734 985 fit
760 947 800 985 in
829 945 868 986 se
895 947 984 999 ipso
1014 957 1055 986 et
1082 945 1199 995 aliis,
1231 946 1369 1001 magni

249 1012 483 1060 aestimare,
515 1027 634 1055 omne
663 1027 761 1056 vero
790 1016 903 1067 quod
925 1016 975 1057 ab
1007 1015 1366 1057 honesto'recedat

250 1094 512 1124 contemnere
555 1083 756 1125 voluntati
793 1086 919 1126 iubet.
959 1084 1039 1139 (1)

305 1150 419 1193 Haec
469 1153 639 1194 facultas
694 1167 826 1197 rerum
873 1155 1048 1198 senfibus
1088 1155 1360 1196 subiectarum

248 1220 320 1261 usu
350 1234 391 1262 et
420 1222 632 1265 hominum
658 1224 850 1266 societate
894 1226 1093 1278 imprimis
1132 1224 1365 1274 excolitur,

245 1302 288 1331 et
328 1292 378 1333 ad
417 1293 611 1334 maiorem
649 1294 886 1348 perducitur
923 1294 1199 1348 praestantiam
1229 1293 1365 1348 perfe-

243 1351 537 1414 ctionemque,
578 1375 711 1416 neque
750 1376 881 1405 tamen
906 1377 957 1404 ex
988 1364 1036 1403 iis
1064 1364 1262 1417 originem
1290 1363 1363 1404 du·

242 1431 317 1472 cit.
346 1448 382 1458 ·-·
410 1430 700 1473 Diiudicantur
730 1443 862 1473 autem
896 1444 937 1473 et
974 1432 1213 1487 probantur
1236 1444 1360 1486 atque

245 1499 490 1543 illustrantur
513 1502 600 1542 eius
626 1501 771 1552 effata,
809 1504 964 1543 ratione
994 1501 1245 1552 theoretica,
1290 1515 1360 1543 ne-

244 1584 326 1625 que
358 1584 516 1621 tamen,
545 1573 622 1613 five
650 1584 700 1612 ex
728 1584 773 1612 ea
801 1572 1014 1613 derivanda
1042 1572 1260 1621 videntur,
1291 1572 1360 1614 seu

240 1653 335 1683 cum
366 1641 434 1682 illa
455 1642 767 1683 commiscenda.
829 1641 896 1682 De
926 1654 978 1682 eo
1005 1643 1112 1682 enim
1129 1672 1142 1691 ,
1167 1640 1265 1696 quid
1287 1641 1361 1682 ab·

238 1710 370 1752 solute
398 1723 440 1752 et
468 1712 694 1753 necessario
723 1725 860 1752 verum
892 1713 965 1760 fit,
1011 1711 1076 1752 vel
1117 1712 1166 1752 de
1205 1705 1359 1765 §rinei-

239 1782 344 1835 piis,
386 1795 469 1823 non
509 1784 687 1831 iudicat,
718 1795 794 1824 nec
820 1783 919 1836 quid
945 1783 1098 1823 bonum
1135 1784 1204 1831 fit,
1233 1782 1358 1822 ratio-

240 1852 446 1894 cinatione
471 1853 620 1903 efficit,
666 1866 768 1908 quae
795 1854 940 1894 rationi
972 1852 1219 1894 theoreticae
1258 1865 1356 1907 pro-

1267 1934 1357 1976 pria

281 2021 345 2067 (ι)
371 2024 595 2066 Herder,
622 2025 744 2061 1.c.11.
766 2024 880 2068 ss259.
904 2025 942 2059 F.
967 2006 1322 2059 Hemsterhuis
1342 2046 1354 2063 ,

237 2078 317 2113 dans
335 2080 389 2122 son
417 2083 559 2126 dialogus
586 2085 688 2117 Simon
704 2108 714 2122 ,
748 2094 784 2116 ou
817 2084 868 2116 des
881 2081 1020 2126 faculte‘s
1045 2082 1083 2115 de
1099 2080 1224 2121 l‘Ame,
1256 2080 1355 2114 Tom.

239 2135 284 2172 Π.
310 2146 344 2172 et
368 2137 603 2182 saepenumero
622 2141 691 2174 aliis
716 2140 809 2174 locis.
