1519 2729
715 197 967 254 (162)

263 336 430 379 naturali
458 340 678 388 convenit3
710 351 799 380 nam
817 370 830 388 ‚
873 352 965 380 cum
997 335 1288 392 perfectionem
1317 344 1379 372 tu-

229 425 234 430 ·
260 421 350 458 am,
380 407 580 461 statusque
608 409 664 449 tui
693 409 898 449 intendere
940 408 1062 450 debes
1105 416 1290 458 tanquam
1332 402 1378 442 fi-

260 489 352 518 nem
394 461 607 528 ultimum,
653 478 947 532 consequenter
987 489 1150 531 operam
1191 475 1281 514 dare
1311 472 1378 513 de-

259 547 354 596 bes,
385 560 435 587 ne
460 548 558 602 quid
587 548 681 597 fiat,
712 547 824 600 quod
853 547 1096 600 perfectioni
1125 555 1215 585 tuae
1246 541 1378 583 statui-

258 629 337 670 que
375 630 446 658 tuo
487 607 788 669 quodammodo
824 616 1080 664 adversetur,
1121 614 1186 654 vel
1230 625 1268 654 te
1305 611 1380 652 sta-

259 697 424 738 tumque
476 697 588 726 tuum
629 685 975 739 imperfectiorem
1028 683 1179 724 reddat.
1267 680 1379 722 Idem

255 755 362 795 valet
381 755 538 808 de-eo,
578 755 690 808 quod
717 754 912 796 consensu
942 764 1084 794 nostro
1125 753 1166 792 in
1208 750 1379 792 alterum

253 825 531 878 promittendo
562 824 848 866 transtulimus,

314 895 382 934 20.
415 893 630 949 Obligatio
655 906 797 935 contra
836 892 1101 947 imperfecta,
1148 892 1381 933 continetur

255 963 397 1004 officiis
444 960 727 1012 humanitatis,
781 977 882 1017 quae
927 962 1182 1003 Wolffio
1237 961 1379 1002 dicun-

255 1044 319 1072 tur
356 1032 380 1085 ζ
390 1030 465 1084 1),
505 1035 653 1086 quibus
695 1034 866 1074 aliorum
903 1032 1104 1086 perfectio
1157 1042 1197 1071 et
1237 1030 1378 1071 conse-

254 1114 422 1155 quenter
450 1103 624 1144 felicitas
650 1114 928 1156 promovetur.
1000 1102 1066 1142 Ad
1106 1102 1206 1141 haec
1247 1101 1379 1141 officia

253 1184 375 1211 nemo
413 1175 506 1226 cogi
538 1184 700 1225 potest,
740 1176 833 1226 quia
865 1172 1104 1225 imperfecte
1148 1182 1301 1212 tantum
1328 1170 1379 1212 ad

252 1253 298 1282 ea
325 1241 439 1282 alteri
468 1242 672 1296 obligatus
701 1255 790 1291 est,
836 1243 937 1283 adeo
964 1243 1127 1295 quidem
1144 1272 1157 1290 ‚
1202 1253 1246 1282 ut
1270 1240 1377 1282 obli-

253 1313 364 1365 gatio
392 1311 572 1364 perfecta
601 1312 650 1352 ad
681 1313 812 1354 officia
854 1313 1112 1353 humanitatis
1148 1310 1377 1365 praestanda

253 1380 430 1420 libertati
455 1382 624 1422 naturali
654 1383 815 1435 prorsus
850 1393 1046 1436 repugnet
1075 1380 1170 1434 (2).
1229 1381 1311 1421 Ad
1331 1393 1376 1421 ea

253 1451 406 1504 quippe
427 1464 548 1491 nemo
577 1463 760 1502 tenetur,
800 1452 876 1492 'nisi
904 1462 1099 1504 quatenus
1139 1450 1180 1490 id
1221 1451 1376 1504 absque

252 1519 443 1574 neglectu
481 1520 602 1560 officii
646 1532 739 1574 erga
778 1520 815 1560 se
846 1521 973 1573 ipsum
1001 1520 1086 1560 fieri
1121 1521 1274 1573 possit,
1315 1531 1375 1561 at-

253 1589 463 1641 que-usus
502 1588 738 1629 facultatum
769 1591 890 1642 ipfius
919 1591 999 1631 hoc
1031 1591 1265 1642 permittat,
1299 1588 1375 1631 seu

253 1669 446 1711 quantum
473 1659 514 1698 in
543 1670 742 1711 potestate
772 1661 838 1701 sua
874 1661 933 1700 fit.
965 1680 1007 1687 —
1035 1660 1152 1713 Jam,
1197 1673 1292 1702 cum
1323 1672 1374 1701 ex

250 1725 437 1767 libertate
479 1726 646 1767 naturali
687 1730 834 1782 cuique
877 1730 926 1770 de
956 1730 1110 1771 suarum
1135 1730 1373 1772 facultatum

250 1797 321 1838 usu
352 1799 551 1854 competit
577 1798 801 1850 judicium3
835 1801 1084 1853 consequens
1113 1811 1198 1848 est,
1247 1813 1290 1842 ut
1317 1799 1373 1840 al-

253 1877 313 1907 ter
338 1879 420 1907 non
455 1867 597 1907 habeat
623 1867 688 1921 jus
731 1869 991 1911 humanitatis
1018 1870 1090 1912 illa
1131 1871 1261 1913 officia
1293 1885 1372 1926 pro

252 1936 322 1976 suo
347 1935 514 1977 arbitrio
542 1938 582 1978 vi
610 1938 811 1994 exigendi.
835 1949 840 1956 ¹

1305 1998 1372 2043 Ex

296 2112 362 2175 (ἑ)
387 2133 480 2165 Parte
506 2134 533 2166 1.
556 2133 573 2177 §
597 2132 674 2176 655·

295 2187 359 2233 (2)
384 2189 402 2233 §
427 2188 504 2222 660.
