1519 2729
542 190 767 252 (¹3)

103 341 223 383 etiam
253 339 384 383 minor
413 334 496 376 esse
527 333 678 381 debet3
721 331 748 373 fi
790 339 924 371 autem
953 337 1125 380 vapores
1152 326 1228 368 hac

104 412 154 453 de
191 408 306 452 causa
343 408 462 448 etiam
491 401 732 445 adscendere
773 398 966 453 possent,
1002 397 1234 456 oportebat

103 493 149 524 ut
176 482 244 521 aer
272 478 366 519 illos
395 488 505 517 totos
533 484 708 528 quantos
738 460 1005 518 dissolveret}
1041 469 1233 521 quoniam
1265 466 1270 469 ’

103 551 199 592 illos
228 550 338 590 omni
368 560 417 587 ex
447 556 559 600 parte
589 541 838 590 circumdat,
878 540 959 581 hoc
991 551 1123 579 tamen
1151 550 1235 578 non

103 621 284 677 accidit,
329 626 500 670 vapores
546 615 653 655 enim
701 614 742 653 in
780 612 871 652 aere
912 608 1234 656 adscendebant,

104 692 259 744 absque
287 687 506 729 voluminis
536 684 816 725 diminutione.
876 679 1139 721 Adscendunt
1159 680 1237 733 igi-

106 775 171 804 tur
212 761 267 802 ob
306 757 496 812 ponduS,
538 755 640 796 aeris
667 753 846 807 pondere
869 752 1014 792 minus.
1101 748 1240 790 Multa

105 833 202 873 huic
246 826 519 871 observationi
558 823 668 865 addit
711 823 775 863 de
812 814 958 870 Luc,
1002 830 1045 861 ut
1089 819 1240 871 probet

105 912 279 955 vapores
320 895 496 939 vifibiles
539 896 631 935 aere
668 894 751 934 esse
778 892 967 933 leviores.
1056 889 1239 931 Tandem

106 972 334 1025 analogiam
361 964 630 1007 demonstrant
655 976 826 1015 vapores
847 961 1023 1002 visibiles
1060 962 1165 1000 inter
1192 972 1240 1000 ac

106 1039 353 1087 invisibiles,
399 1047 444 1076 ut
474 1044 576 1088 quae
605 1033 655 1073 de
685 1032 766 1072 illis
791 1031 892 1072 dicit
924 1031 974 1071 ad
1002 1030 1078 1072 hos
1106 1028 1240 1084 appli-

101 1112 189 1154 ‘cari
218 1110 386 1164 posfint.

96 1201 101 1208 ·
165 1181 209 1223 Si
239 1187 507 1233 temperatura
533 1173 647 1216 fluidi
676 1171 944 1227 evaporandi,
987 1171 1118 1213 multo
1162 1184 1244 1211 ma-

99 1254 174 1309 ·jor
201 1262 290 1302 est,
338 1261 458 1302 quam
490 1255 760 1300 temperatura
785 1244 916 1293 a'e'ris,
963 1243 1148 1283 oriuntur
1176 1254 1245 1281 va-

49 1366 59 1381 b
108 1335 233 1377 pores
262 1319 468 1368 visibiles,
516 1316 710 1371 quoniam
749 1315 855 1368 ignis
898 1314 1025 1367 magis
1057 1307 1245 1352 celeriter

109 1392 341 1440 excedens,
386 1382 611 1430 molecula's
655 1383 826 1438 majores
874 1382 1011 1422 secum
1051 1381 1246 1432 abducit,

66 1515 69 1518 Δ
102 1476 215 1518 quae
243 1459 510 1516 amplitudine
537 1469 578 1497 et
607 1457 692 1509 igni
733 1453 816 1492 illis
858 1461 1055 1491 contento
1096 1451 1246 1502 facile,

112 1545 232 1587 atque
260 1543 403 1587 magna
433 1527 642 1570 celeritate
667 1520 941 1570 adscendunt,
986 1521 1041 1573 ita
1070 1531 1115 1560 ut
1151 1535 1246 1563 cum

114 1605 205 1645 aere
231 1615 315 1643 non
355 1600 687 1654 conjungant-um
726 1593 753 1634 fi
787 1604 921 1633 autem
953 1602 1247 1644 temperaturae

56 1725 59 1727 ,
116 1674 338 1716 differentia
377 1672 510 1711 minor
548 1679 638 1718 est,
683 1664 748 1705 vel
786 1665 814 1706 fi
842 1664 952 1717 *aeris
980 1665 1249 1716 temperatura

115 1757 242 1798 aquae
285 1750 594 1794 temperaturam
638 1735 821 1788 superat,
867 1734 1043 1774 minores
1071 1733 1250 1785 particu-

118 1813 180 1854 lae
209 1825 281 1867 per
309 1814 445 1866 ignem
467 1807 744 1855 detrahentur,
776 1817 877 1858 quae
905 1814 989 1844 tum
1013 1803 1139 1857 magis
1155 1815 1250 1843 cum

119 1885 210 1925 aere
267 1882 595 1936 conjungentur,
651 1878 707 1918 ita
750 1886 795 1917 ut
843 1886 934 1914 eum
983 1886 1066 1914 non
1119 1873 1250 1913 minus

111 1945 570 2008 'pellucidumreddann
631 1991 633 1993 ,

180 2022 292 2064 Haec
336 2022 422 2062 sunt
448 2019 665 2072 praecipua
707 2024 968 2069 argumenta,
1007 2013 1155 2066 quibus
1183 2011 1252 2054 Cl.

125 2093 188 2136 de
218 2092 254 2134 L
271 2106 295 2134 u
312 2104 333 2133 c
368 2091 474 2132 suam
500 2088 673 2142 probare
701 2084 847 2126 studuit
869 2083 1104 2125 Theoriam.
1159 2137 1163 2140 Ι

1129 2295 1153 2348 5
1188 2292 1259 2335 111.
