1519 2729
758 169 978 229 (74)

312 305 528 362 r-Jtapari
569 310 724 350 ratione
763 308 938 362 Hebraei
980 309 1311 361 ad‘aversandum
1341 325 1418 367 po·

288 371 547 430 lytheismum
591 381 718 434 magis
768 382 975 435 magisque
1017 382 1104 422 sunt
1144 382 1333 433 adducti,
1375 394 1416 424 et

284 449 470 500 quamvis
499 447 612 500 saepe
641 448 690 489 ad
718 460 808 491 eum
838 451 972 492 denuo
1002 451 1203 506 prolapsi,
1247 464 1416 506 progre-

287 516 498 557 diebantur
535 528 691 567 tamen,
747 531 805 564 et,
840 524 981 562 maturi
1026 524 1152 577 magis
1209 524 1416 578 magisque

285 587 534 637 evadebant,
592 591 661 642 qui
711 603 852 643 puram
906 592 1123 646 aliquando
1173 592 1413 647 religionem

285 656 512 697 Mofiiieam
543 669 632 699 toto
658 661 794 700 animo
809 647 1163 714 amplecterentur.
1225 660 1413 710 Etenim,

285 737 332 766 ut
367 727 519 780 jamdiu
549 730 808 779 monuimus,
854 731 970 783 plura
1008 732 1172 772 fuerunt
1201 742 1414 783 tempora,

284 797 433 850 quibus
457 798 509 838 ab
538 798 768 840 idololatria
807 799 888 841 sese
932 801 1190 842 ostenderent
1230 799 1426 849 alienos,

285 880 326 908 et
362 868 386 909 fi
427 868 492 909 vel
522 870 571 911 ad
597 883 683 911 eam
711 870 1026 922 relaberentur,
1071 871 1255 912 redibant
1284 863 1431 911 tamen«

282 936 502 980 identidem
530 941 579 980 ad
598 941 778 995 Jehovae
806 940 966 990 ¹cultum
986 956 1011 994 3¹
1030 940 1270 983 excelsiores
1302 951 1416 992 prae-

286 1020 392 1048 terea
423 1020 653 1062 temporum
682 1010 849 1051 decursu
885 1023 926 1061 et
953 1012 993 1051 in
1024 1011 1137 1052 cultu
1178 1022 1348 1051 externo
1375 1020 1417 1049 et

283 1079 324 1118 in
354 1079 513 1132 scriptis
541 1078 822 1121 Hebraeorum
870 1069 1090 1122 occurrunt
1127 1080 1175 1121 dc
1216 1079 1415 1134 religione

280 1151 499 1199 notionem
530 1150 727 1197 et'vero‚
759 1151 872 1204 quod
900 1151 1097 1191 summum
1127 1161 1216 1193 est,
1246 1150 1316 1190 nifi
1347 1160 1415 1188 an-

280 1229 344 1258 tea
373 1218 422 1259 ad
450 1220 489 1260 id
517 1222 741 1273 praeparati
767 1219 897 1260 essent
937 1221 1057 1261 animi
1101 1218 1415 1271 Hebraeorum,

279 1288 396 1329 nullo
438 1291 562 1330 modo
600 1290 826 1343 potuissent
867 1291 980 1331 brevi
1008 1302 1191 1343 tempore
1228 1301 1269 1330 et
1287 1288 1414 1330 veluti

279 1357 414 1398 subito
461 1372 484 1399 a
524 1359 678 1400 summo
718 1359 982 1414 polytheismi
1029 1362 1158 1409 studio
1207 1359 1258 1402 ad
1289 1371 1414 1412 purae

278 1427 490 1482 religionis
519 1430 716 1471 summum
743 1443 920 1471 amorem
947 1433 1159 1484 pervenire
1194 1432 1234 1472 in
1273 1428 1414 1472 exfilio

276 1496 549 1549 Babylonico.
610 1499 757 1554 Quid?
788 1500 915 1556 Quod
945 1502 1043 1542 haec
1072 1501 1156 1555 ipsa
1179 1501 1327 1542 eximia
1354 1500 1412 1546 in-

274 1568 429 1609 stitutio
458 1569 672 1619 Mosaica,
715 1583 755 1610 et
791 1572 996 1625 splendida
1025 1571 1236 1626 majestatis
1265 1581 1413 1624 poten-

273 1640 433 1693 tiaeque
463 1639 620 1680 divinae
649 1640 923 1692 documenta)
967 1644 1007 1682 in
1047 1641 1238 1683 omnibus
1279 1641 1412 1695 gentis

274 1707 365 1749 fatis
415 1710 666 1763 conspicua,
709 1706 751 1751 et
791 1711 963 1752 Davidis
1001 1724 1123 1766 atque
1179 1710 1411 1751 Salomonis

271 1778 437 1829 cultus,
470 1782 755 1834 optimumque
783 1782 959 1835 plurium
987 1794 1126 1836 regum
1145 1781 1342 1830 studium,
1369 1792 1411 1821 et

270 1848 371 1890 haec
401 1861 487 1890 tota
514 1849 632 1891 series
659 1852 1080 1904 praestantissimorum
1095 1853 1408 1906 prophetarum,

268 1919 496 1960 necessario
526 1923 739 1964 maximam
774 1924 855 1964 vim
883 1926 921 1963 in
953 1936 1115 1978 gentem
1145 1921 1407 1963 Israeliticam
1468 1965 1474 1971 ,

270 1988 419 2030 habere
434 1991 685 2042 debuerunt,
718 2005 784 2043 ut,
817 1994 841 2034 fi
860 1994 925 2034 vel
940 1995 981 2034 id
995 2006 1077 2033 non
1095 1993 1262 2040 doceret
1279 1992 1406 2033 histo-

268 2060 355 2112 ria,
388 2071 520 2101 tamen
548 2061 795 2105 statuendum
826 2064 956 2114 esset,
988 2062 1050 2103 his
1081 2061 1269 2101 omnibus
1289 2075 1406 2115 prae·

266 2142 431 2183 paratos
460 2131 581 2172 fuisse
612 2131 893 2175 Hebraeorum
936 2135 1119 2180 animm,
1167 2133 1236 2184 qui
1267 2133 1307 2172 in
1335 2145 1402 2173 ex-

267 2199 355 2242 filio
396 2200 655 2254 Babylonico
699 2216 751 2245 eo
794 2204 1113 2252 adducerentur,
1159 2214 1202 2243 ut
1239 2214 1402 2243 omnem

1332 2271 1403 2312 ab·
