1519 2729
704 153 740 208 (
798 153 934 208 84)

270 294 397 350 vulgo
429 292 637 334 hominum
661 289 844 345 videtur,
877 290 957 332 sese
986 303 1212 343 occupare,
1255 291 1394 344 impri-

276 365 352 404 mis
390 363 503 412 ideo,
557 360 747 413 quoniam
786 361 936 415 iignum
977 361 1395 414 pathognomonicum

268 433 405 473 morbi
443 431 652 472 verminofi
692 441 775 469 non
817 429 956 479 datur,
1002 442 1141 470 verum
1172 429 1282 470 hisce
1312 443 1396 470 non

271 501 431 550 obstat,
469 499 649 542 Medicis
675 498 821 540 horum
849 500 1128 554 cognitionem
1155 498 1239 539 esse
1267 500 1397 541 utilis-

269 572 419 613 fimam.

326 640 387 681 Ut
413 651 546 681 autem
573 638 718 678 horum
742 637 1053 691 symptomatum
1069 638 1285 691 praecipua
1299 648 1397 677 enu-

268 722 494 757 meramus,
538 706 732 749 facillime
756 707 1090 762 progrediemur,
1133 707 1160 748 fi
1199 705 1270 747 illa
1295 707 1397 748 divi-

269 780 400 820 dimus
439 780 480 819 in
520 778 751 818 nutritionis
793 776 1074 817 detrimentum
1105 786 1174 816 aut
1211 777 1397 830 corporis

275 850 400 890 totius
437 860 504 890 aut
541 848 627 902 ejus
666 848 791 900 partis
832 846 1094 894 comitantia,
1138 857 1180 885 et
1217 846 1258 885 in
1296 844 1394 895 illa,

268 932 372 972 quae
401 919 539 960 fistunt
565 918 905 957 irritamentorum
940 927 963 955 a
992 913 1194 956 vermibus
1220 914 1396 969 produc·

267 1000 401 1031 torum
424 987 617 1042 sequelas.

589 1125 620 1166 S
647 1125 688 1167 E
721 1125 756 1167 C
783 1122 822 1167 T
846 1123 875 1166 I
900 1121 950 1164 O.
1010 1122 1072 1166 II.

325 1265 615 1321 Symptomata
646 1264 895 1306 nutritionis
925 1263 1222 1304 detrimentum
1248 1275 1339 1304 cor-

401 1336 523 1390 poris
559 1335 686 1377 totius
715 1344 794 1376 aut
833 1334 922 1388 ejus
941 1333 1089 1388 partis
1129 1333 1250 1375 comi-

752 1413 913 1445 tantia.

767 1540 883 1582 LVI.

320 1679 482 1721 Multos
507 1691 663 1721 vermes
690 1680 731 1719 in
759 1690 887 1721 tractu
921 1679 1138 1720 intestinali
1181 1679 1302 1720 semel
1344 1682 1390 1723 fi-

267 1747 429 1800 mulque
456 1750 641 1790 inventos
670 1749 818 1798 fuisse,
849 1749 983 1803 plures
1020 1759 1212 1789 testantur
1250 1761 1391 1791 aucto-

266 1829 330 1858 res
359 1814 453 1871 (1).
513 1818 556 1859 Si
585 1819 708 1873 igitur
733 1819 814 1873 jam
844 1819 988 1861 horum
1018 1820 1299 1860 oeconomiam
1329 1821 1389 1859 in-

1304 1900 1389 1930 tue-

313 1996 376 2041 (1)
400 1999 487 2033 Mihi
511 2010 646 2043 quoque
674 2001 768 2034 licuit
793 2010 867 2035 ante
905 2001 1039 2044 aliquod
1085 2010 1213 2044 tempus
1249 2000 1390 2036 cadaver

266 2054 392 2087 infantis
414 2056 540 2097 septem
558 2066 713 2091 annorum
736 2058 832 2091 sexus
858 2059 1019 2099 feminei,
1044 2058 1158 2091 statura
1187 2058 1263 2092 huic
1291 2059 1389 2092 aetati

266 2111 394 2154 vulgari
420 2112 516 2154 longe
545 2113 688 2154 minori,
718 2123 862 2156 corpore
892 2114 1070 2154 emaciato‚
1105 2115 1324 2156 perscrutari,
1356 2115 1388 2147 in

265 2167 337 2213 &uo
365 2175 485 2203 tractus
513 2168 704 2206 intestinalis
732 2179 819 2208 totus
846 2170 886 2206 ab
914 2170 1099 2216 oesophago
1126 2171 1166 2206 ad
1201 2172 1386 2207 intestinum

1333 2237 1388 2262 us-
