1519 2729
525 139 565 195 (
621 152 701 196 ¹07
755 137 786 198 ),

102 283 252 323 tionem
289 280 391 320 roris
429 279 777 333 praecipitationis
817 274 903 317 esse
942 274 1130 322 causam,
1173 283 1225 314 ex

102 351 181 392 hoc
208 360 346 403 patet,
378 349 490 403 quod
516 361 718 402 nunquam
747 346 980 388 observatur
1011 356 1108 392 rm,
1153 341 1225 383 nisi

101 420 316 471 corporis,
360 420 428 460 cui
469 420 669 474 affigitur,
715 427 983 471 temperatura
1011 415 1111 456 aeris
1143 424 1228 453 ani·

101 489 248 537 hiemis
276 500 545 542 temperatura
571 489 703 529 minor
730 488 788 528 fit.

120 600 124 604 ,
159 556 226 599 Ex
255 559 316 599 his
346 560 533 600 omnibus
556 559 635 613 jam
673 558 796 600 facile
836 557 1056 609 unicuique
1091 563 1228 609 patet,

102 641 236 669 rorem
278 629 592 682 phaenomenon
641 628 725 670 esse
769 627 986 680 analogum
1029 624 1232 678 praecipi·

105 700 255 739 mtioni·
275 712 493 753 vaporum,
537 711 638 754 quae
669 698 931 746 observatur,
973 695 1134 752 quando
1172 693 1234 733 vi-

106 781 209 810 trum
239 771 319 810 aeri
349 781 574 822 exponatur
611 768 824 816 calidiori,
867 780 968 821 quae
994 764 1235 820 praecipita·

107 841 166 880 tio
226 839 311 880 Cll.
367 839 441 879 Le
479 839 601 891 Roy
648 850 688 879 et
732 837 955 879 Dalton
998 835 1236 878 methodum

107 908 322 962 praebuit,
379 921 458 960 qua
498 910 601 949 aeris
654 908 930 948 humiditatem
971 906 1250 947 determinare>

108 979 285 1033 possent.
344 977 525 1031 Cognita
562 978 696 1031 itaque
738 978 853 1019 causa
889 978 994 1018 roris
1023 977 1237 1030 proxima,

111 1047 413 1091 demonstranda
429 1048 606 1100 superest
634 1047 775 1097 causa,
808 1061 885 1101 qua
913 1059 1110 1101 corpora,
1138 1057 1241 1085 noc·

114 1119 221 1160 tibus
237 1117 407 1171 placidis
433 1128 474 1157 et
500 1116 668 1168 serenis,
697 1119 751 1160 ita
776 1119 1072 1172 refrigescunt,
1103 1128 1148 1157 ut
1174 1128 1243 1156 va-

114 1201 236 1246 pores
262 1189 398 1241 aquosi
427 1201 478 1229 ex
504 1190 593 1230 aere
620 1190 660 1229 in
688 1189 757 1230 illa
782 1190 1114 1242 praecipitentur.

126 1294 129 1297 .
172 1258 262 1312 Ipsa
296 1257 556 1308 observatio,
602 1272 733 1300 rorem
775 1271 857 1300 non
893 1261 990 1300 oriri
1025 1259 1095 1299 nisi
1120 1265 1247 1296 nocte

115 1329 278 1378 serena,
336 1330 614 1383 cognitionem
667 1330 855 1382 praebuit
904 1329 1023 1383 hujus
1076 1326 1247 1374 causae,

115 1410 219 1453 quae
258 1398 327 1440 fita
366 1410 453 1449 est,
497 1411 546 1441 ex
576 1397 706 1440 Doct.
732 1397 916 1440 Wells
942 1398 1161 1447 sententia,
1206 1396 1250 1436 in

118 1471 265 1523 exigua
290 1469 399 1510 coeli
428 1469 552 1510 sereni
583 1469 759 1511 radiandi
787 1470 983 1524 potentia.

137 1575 139 1577 .
179 1538 329 1580 Omnia
352 1552 528 1593 corpora
555 1527 868 1594 quaquaversum
896 1539 1117 1581 caloricum
1134 1538 1251 1577 emit-

123 1620 240 1658 tunt,
268 1622 373 1662 quae
402 1612 560 1652 emisfio
597 1610 746 1652 dicitur
785 1610 982 1660 radiatioz,
1024 1610 1099 1650 hac
1130 1610 1254 1664 igitut²

123 1693 345 1733 corporum
377 1691 643 1734 temperatura
669 1681 932 1731 diminuitur,
964 1680 990 1721 fi
1018 1693 1040 1720 a
1068 1680 1254 1732 corpori·

125 1750 201 1791 bus
229 1751 638 1805 circumjacentibus,
680 1752 745 1792 vel
775 1752 1024 1798 radiatione‚
1055 1748 1120 1790 vel
1154 1760 1255 1788 con-

127 1832 265 1870 tactu,
298 1820 364 1861 hic
394 1819 561 1862 effectus
586 1834 666 1863 non
698 1820 992 1875 compensatur.
1053 1818 1166 1860 Haec
1195 1830 1256 1858 re-

125 1890 332 1945 frigeratzo
349 1891 483 1944 itaque
511 1891 739 1945 dependet,
771 1905 792 1932 a
818 1903 1037 1944 corporum
1069 1889 1166 1937 fim,
1195 1888 1258 1930 su-

126 1961 323 2016 perficie,
366 1973 516 2001 natura.
577 1964 612 2002 A
642 1961 712 2002 fitu
741 1961 967 2013 dependett,
1012 1972 1034 2000 a
1072 1950 1258 2013 corpori·

127 2032 204 2072 bus
260 2033 367 2072 enim
410 2031 796 2085 circumjacentibus
847 2030 1101 2086 refrigeratio
1144 2043 1257 2071 com-

127 2102 281 2157 pensari
326 2113 475 2155 potest.
563 2100 780 2155 Dependet
814 2100 912 2142 haec
949 2100 1199 2156 refrigeratio
1234 2110 1259 2143 a

127 2186 355 2230 corporum*
383 2172 622 2228 superficie3
667 2170 899 2227 superficies
935 2171 1043 2213 enim
1082 2169 1258 2223 muitum

1197 2237 1256 2280 ef-
