1519 2729
695 181 945 270 (144)

298 319 383 362 Niii
415 322 468 361 ita
494 330 770 374 argumentum
798 319 929 361 hocce
953 329 1174 366 tractetur,
1203 317 1369 366 nescio,

239 404 319 444 qua
361 391 518 430 tandem
559 391 713 429 ratione
753 391 925 442 probare
967 390 1193 443 possimus,
1230 387 1369 428 Deum

237 459 385 500 ‘morali
410 471 547 501 natura
570 461 793 513 praeditum
820 460 916 500 esse.
951 457 1030 512 (1)
1092 457 1204 499 Finis
1234 469 1370 498 autem

238 530 429 579 ultimus,
457 541 576 583 quem
603 530 674 570 fibi
701 531 897 583 proponit
911 528 1052 578 Deus,
1085 529 1267 569 omnium
1283 541 1369 568 ma·-

235 601 343 642 xime
371 600 420 639 ad
442 599 483 639 id
497 599 717 646 conducit,
749 611 793 640 ut
815 612 906 640 eum
935 611 1044 640 recte
1065 599 1363 651 cognoscamus

235 672 278 710 e't
305 681 508 717 amemus,
527 708 535 714 ,
555 669 647 720 quia
676 668 744 708 hic
774 669 914 720 sponte
945 669 1009 708 sua
1041 667 1121 707 sese
1151 667 1272 707 nobis
1302 665 1368 707 of·

235 739 370 780 ferunt
399 739 483 778 eius
523 737 741 790 sapientia,
787 739 1041 792 benignitas,
1083 736 1295 785 sanctitas,
1323 745 1366 776 et

236 808 411 862 potestas
467 806 644 854 summa,
692 818 771 858 qua
824 819 964 847 omnes
1007 806 1106 847 fines
1164 805 1371 847 subiectos

236 879 376 933 dirigit
417 888 458 917 et
500 876 627 917 flectit
663 875 713 915 ad
740 874 859 916 finem
889 875 1049 917 huncce
1077 875 1272 916 summum
1306 887 1369 915 as-

236 948 479 1001 sequendum
495 977 507 994 ‚
553 958 636 999 quo
662 956 737 986 nec
763 944 935 996 melior,
965 957 1040 986 nec
1069 944 1250 999 superior
1277 956 1368 986 um-

238 1032 358 1072 quam
388 1018 470 1058 dari
497 1027 652 1069 potest.

295 1085 408 1128 Haec
423 1097 555 1126 autem
571 1085 742 1125 maxime
762 1080 893 1125 nobis'
909 1084 1063 1138 placuit
1086 1083 1371 1137 contemplan-

237 1156 278 1198 di
305 1158 408 1197 ratio
424 1188 437 1207 ‚
468 1168 546 1209 qua
561 1185 574 1205 ‚
600 1167 650 1195 ex
670 1156 762 1207 ipfis
779 1155 954 1196 hominis
977 1155 1238 1198 facultatibus
1254 1185 1266 1203 .,
1293 1152 1370 1207 (de

237 1228 415 1280 quibus,
456 1225 591 1279 quoad
631 1237 763 1265 earum
793 1226 1088 1279 contemplatio
1116 1226 1165 1266 ad
1194 1224 1370 1265 nostram

236 1298 393 1338 causam
421 1297 623 1350 pertinet,
655 1294 778 1334 hodie
804 1298 873 1337 vix
897 1296 980 1337 ulla
1012 1297 1087 1337 erit
1117 1294 1309 1336 dissensio
1327 1291 1368 1346 z)

237 1365 335 1419 quid
350 1365 478 1406 valeat
498 1376 539 1405 et
554 1377 638 1418 quo
655 1364 789 1407 tendat
817 1359 1095 1422 argumentum
1110 1396 1122 1414 ‚
1154 1365 1368 1423 efficegem.

295 1435 482 1476 Fortasse
509 1434 599 1475 aliis
628 1437 754 1488 magis
785 1434 983 1488 placitura
1010 1435 1151 1476 fuisset
1190 1433 1368 1487 disputa-

238 1507 298 1547 tio
311 1536 324 1555 ,
353 1507 403 1554 fi,
417 1518 467 1545 ex
481 1504 760 1559 progressione
778 1506 936 1559 generis
951 1504 1136 1555 humani,
1151 1504 1201 1545 ad
1217 1504 1336 1557 finem
1354 1533 1370 1552 ,

236 1588 357 1630 quem
391 1586 557 1630 optant,
601 1573 902 1615 saluberrimum
920 1604 932 1623 ,
979 1574 1190 1627 providam
1233 1585 1371 1615 curam

237 1658 279 1686 et
308 1644 474 1686 confilia
500 1644 581 1686 Dei
612 1645 853 1697 probarem:
895 1644 986 1693 sed,
1019 1645 1201 1698 quamvis
1225 1640 1371 1684 nonis

237 1718 336 1764 fim‚
367 1717 436 1769 qui
468 1727 560 1756 cum
592 1713 853 1755 Hesiodo
892 1727 1050 1754 auream
1091 1725 1260 1754 aetatem
1303 1712 1370 1753 diu

237 1795 418 1825 exactam
435 1814 449 1833 ‚
480 1796 520 1824 et
545 1786 703 1833 χρύσεον
727 1795 852 1838 genus
879 1784 1185 1837 praeteritorum
1212 1788 1372 1836 tempo·

238 1867 324 1894 rum
340 1852 528 1903 laudem,
559 1867 632 1902 ac,
664 1855 713 1894 de
743 1854 944 1907 praesenti
974 1867 1074 1895 aevo
1095 1853 1228 1895 ferreo
1243 1844 1372 1909 gems·

240 1924 375 1975 scens,
430 1935 544 1966 antea
590 1936 654 1965 me
712 1925 856 1966 vixisse
907 1936 1068 1979 optem3
1127 1925 1320 1979 quamvis·
1348 1935 1372 1963 e

1271 2005 1371 2034 con-

287 2097 349 2144 (1)
374 2100 403 2133 K
418 2107 518 2140 ant,
542 2100 629 2134 Krit,
649 2101 707 2133 der
730 2100 828 2135 Urth.
851 2102 875 2135 s.
902 2110 966 2144 413
984 2125 995 2142 ‚
1031 2110 1110 2143 414.
1146 2099 1178 2133 H
1194 2109 1211 2133 e
1227 2097 1283 2142 yd
1300 2108 1318 2132 e
1334 2109 1371 2132 n-

242 2155 414 2195 teich,
448 2155 512 2188 Th.
549 2156 591 2189 11.
619 2156 643 2191 s.
673 2156 725 2190 16.
754 2165 808 2199 32.
842 2165 898 2199 35.
934 2167 990 2201 75.
1026 2157 1204 2198 Paley,
1237 2163 1261 2190 t.
1285 2165 1312 2191 a.
1336 2167 1372 2200 p.

240 2212 289 2246 bl.
314 2222 365 2247 11.
388 2221 443 2255 57.
469 2221 544 2246 120.
