1519 2729
721 157 944 211 (42)

267 299 350 348 quo
380 295 505 349 magis
527 286 567 333 in
596 293 740 348 populi
768 298 936 351 gratiam·
964 296 1002 339 se
1030 296 1268 345 infirmaret,
1295 305 1383 339 non

265 376 290 404 e
319 362 502 417 fingulari
531 363 762 405 Levitarum
794 367 926 418 tribu,
960 367 1026 407 sed
1052 379 1103 409 ex
1132 351 1382 418 quibuscunk

264 445 344 487 que
387 434 596 474 ordinibus
627 433 853 476 sacerdotes
894 438 1065 486 creavit,
1110 437 1179 490 qui
1207 434 1383 489 publico

263 502 391 544 ¹cultui
433 503 658 556 praeessent
694 495 791 558 (a).
866 506 983 562 Quae
1022 507 1128 548 sacra
1159 517 1210 546 eo
1253 505 1383 560 maJus

261 583 361 614 vero
389 573 515 614 cultui
541 573 759 615 attulerunt
786 575 1096 626 detrimentum,
1127 574 1382 630 quandoqui-

262 642 353 683 dem
394 643 549 697 Jehova
592 644 663 685 sub
697 644 817 687 idolis
843 645 1019 687 colendo
1063 646 1183 687 facile
1213 658 1265 686 eo
1289 657 1382 698 per-

259 714 499 763 veniebant,
530 725 574 753 ut
602 714 772 756 aliorum
796 718 916 757 etiam
943 716 1132 758 Deorum
1164 716 1236 758 fibi
1267 727 1382 756 com-

258 793 445 835 pararent
484 783 618 823 ἔιδωλικ
649 783 741 836 (b).
802 784 937 841 Quam
964 786 1177 841 religionis
1217 792 1383 839 perver-

260 851 414 894 fitatem
458 853 596 895 sectati
640 854 729 895 sunt
768 867 975 911 quotquot
1015 857 1210 910 deinceps
1252 867 1384 911 regno

262 920 490 964 Israelitico
519 924 790 979 praefuerunt.

318 991 383 1034 Ex
412 993 581 1045 politica
595 1007 727 1036 autem
759 997 1072 1045 necesfitudine,
1104 1008 1206 1049 quae
1235 1009 1258 1036 a
1285 993 1383 1035 scis-

263 1061 307 1102 so
345 1062 438 1103 inde
478 1075 606 1119 regno
639 1063 840 1106 Hebraeis
881 1080 974 1107 cum
1003 1065 1169 1119 populis
1200 1065 1383 1106 finitimis

258 1131 510 1183 intercessit,
557 1136 709 1189 majora
750 1138 872 1176 etiam
902 1137 1042 1176 damna
1078 1145 1175 1176 vero
1202 1135 1384 1190 Jehovae

258 1201 388 1242 cultui
427 1203 675 1246 acciderunt.
731 1205 975 1260 Judaeorum
1017 1208 1122 1246 enim
1154 1216 1194 1246 et
1223 1204 1383 1246 Israeli-

258 1281 386 1313 tarum
416 1286 532 1328 reges
559 1274 598 1315 se
629 1277 804 1316 invicem
830 1275 950 1316 bellis
977 1275 1239 1317 debilitarunt
1264 1285 1305 1315 et
1334 1273 1383 1315 fi-
1448 1278 1455 1283 “

256 1343 492 1384 ηῐεὶιῃοτωῃ
520 1357 658 1399 regum
688 1346 881 1387 auxilium
912 1345 1003 1399 plus
1034 1344 1155 1386 semel
1184 1343 1380 1398 implora·

255 1424 363 1452 runt.
437 1412 578 1467 Itaque
615 1415 730 1468 saepe
767 1417 941 1456 arctiore
982 1414 1062 1456 sese
1092 1414 1257 1456 foedere
1285 1426 1378 1455 cum

247 1483 403 1530 exteris
439 1483 771 1537 conjungebant,
817 1497 1039 1538 eorumque
1081 1484 1301 1526 amicitiam
1339 1493 1381 1523 et

255 1551 484 1592 affinitatem
506 1554 775 1606 appetebant,
809 1567 994 1609 tanquam
1021 1557 1136 1610 regni
1163 1555 1220 1596 sui
1248 1553 1381 1595 firma-

257 1630 436 1660 mentum
473 1619 562 1674 (c).
651 1623 736 1679 Qui
780 1637 880 1666 vero
932 1625 973 1664 in
1027 1625 1148 1666 rebus
1187 1623 1380 1666 civilibus

255 1688 418 1742 placere
447 1691 610 1746 regibus
646 1694 724 1735 suis
752 1694 995 1744 foederatis,
1025 1706 1066 1735 et
1097 1694 1177 1735 sese
1207 1694 1258 1735 ad
1284 1691 1379 1733 illo-

254 1771 342 1800 rum
384 1773 518 1801 mores
562 1775 810 1815 componere
848 1764 1089 1813 studebant,
1135 1778 1221 1818 quo
1265 1772 1379 1804 erant

253 1832 473 1885 antiquitus
514 1845 577 1872 res
621 1832 751 1874 sacrae
792 1847 887 1876 cum
922 1833 1112 1876 civilibus
1153 1833 1377 1876 arctisfimo

1286 1914 1374 1943 vm-

299 2010 363 2057 (α)
390 2023 402 2047 1
435 2014 526 2057 Reg.
552 2016 626 2051 XII:
650 2018 724 2052 26·
738 2026 793 2060 33.
840 2019 940 2053 Conf.
966 2018 1186 2060 Muntinghe,
1211 2017 1376 2052 l.1.Tom.

249 2069 327 2104 Vll.
352 2079 424 2112 pag.
453 2081 491 2104 ιο
520 2072 612 2115 seqq.
646 2074 845 2115 Michaelis,
870 2076 891 2111 l.
916 2076 939 2110 1.
964 2076 982 2119 §
1011 2076 1087 2116 198.v
1102 2084 1178 2118 pag.
1195 2081 1373 2118 154-157·

257 2158 260 2163 ,
294 2123 357 2169 (b)
383 2126 580 2166 Michaelis,
605 2129 627 2162 1.
652 2126 679 2163 1.*
699 2131 719 2173 §
743 2140 820 2174 245.
840 2141 914 2175 pag.
942 2132 1005 2167 106
1021 2151 1035 2157 -
1053 2140 1128 2174 113.

293 2179 351 2231 (c)
375 2175 571 2227 Verschuir,
595 2185 618 2219 l.
645 2186 669 2221 1.
697 2196 772 2230 pag.
800 2197 878 2232 172.
