1519 2729
491 205 510 238 x.
530 197 559 251 ι(
623 199 695 240 161
758 196 784 253 >

92 334 416 389 *perfectionum
451 336 628 377 hominis
669 337 879 379 maximam
914 336 1139 378 habuerunt
1176 344 1243 378 rat—⁷

117 407 283 447 tionem.
343 405 421 447 Per
447 407 751 459 aequalitatem,
783 409 885 447 inter
912 408 1097 448 homines
1124 421 1238 448 natu-

114 487 157 517 ra
185 476 467 524 constitutam,
499 466 873 530 Hoepfnerus
905 479 1134 519 coactionis
1170 479 1236 532 ju-

113 546 168 585 r-is
208 545 320 587 usum
360 548 488 602 magis
531 546 872 587 determinaverat.
933 546 1065 588 Priori
1100 550 1237 601 itaque

112 615 242 665 loc0,
287 627 331 657 ut
370 618 476 659 viam
516 617 713 670 quandam
757 628 906 657 certam
940 618 1149 666 ineamus,
1206 619 1233 659 fi

113 698 219 739 quae⁴
243 687 326 727 dari
359 688 484 740 posfit
521 689 561 728 in
607 699 714 728 tanta
754 687 1034 728 sententiarum
1079 688 1240 729 diverfi·

113 767 220 805 tate,
251 758 449 811 agendum
479 769 539 798 est
568 757 622 798 de·
661 759 710 797 iis
738 756 1032 810 scriptoribus,
1079 759 1150 810 qui
1185 771 1236 798 ex

110 826 435 879 perfectionibus
455 828 664 868 hominum
691 827 865 882 cogendi
890 827 955 881 jus
984 828 1232 877 sumserunt,

111 898 203 936 dein
230 910 328 937 vero
355 897 404 937 de
441 899 519 946 iis,
565 899 634 950 qui
670 910 720 938 ex
751 899 961 938 hominum
994 898 1237 950 aequalitate

108 967 215 1007 idem
240 965 341 1006 illud
363 967 428 1020 jus
457 966 835 1007 determinaverunt.

167 1035 451 1077 &Volffius
490 1036 625 1089 itaque
669 1036 965 1091 obligationem
994 1035 1124 1086 dixit,
1176 1048 1239 1075 es-

109 1103 150 1145 se
192 1105 400 1159 duplicem
437 1105 517 1161 (Ι)
545 1107 740 1146 internam
786 1118 827 1146 et
869 1117 1090 1146 externam.
1163 1105 1240 1147 In-

109 1184 238 1217 terna
294 1177 443 1218 dieitur
498 1189 694 1230 quatenus
751 1176 954 1231 spectatur
995 1177 1036 1215 in
1080 1177 1240 1218 consci-

110 1247 242 1286 entia:
280 1256 466 1287 externa
494 1259 628 1287 autem
664 1260 859 1300 quatenus
888 1246 1094 1298 spectatur
1133 1247 1239 1287 inter

111 1315 324 1365 homines,
355 1315 538 1369 adeoque
565 1315 755 1358 effectum
784 1316 984 1370 quendam
1010 1315 1110 1368 juris
1135 1317 1240 1356 inter

109 1399 182 1426 eos
224 1387 413 1436 sortitur3
474 1385 579 1427 unde
623 1399 763 1439 patet,
807 1385 1073 1426 differentiam
1129 1387 1236 1426 inter

110 1455 406 1511 obligationem
445 1456 668 1510 perfectam
712 1468 752 1496 et
795 1453 1076 1508 imperfectam
1112 1455 1239 1508 respi-

110 1539 202 1567 cere
226 1525 538 1580 ,obligationem
580 1538 814 1576 externam,
864 1525 1016 1578 quippe
1065 1538 1236 1578 quarum

112 1595 211 1636 haec
241 1596 355 1637 alteri
380 1597 521 1637 tribuit
545 1597 611 1651 jus
640 1608 679 1637 te
708 1594 910 1650 cogendi,
942 1608 986 1637 ut
1015 1595 1238 1649 obligatio-

113 1666 154 1705 ni
181 1665 424 1716 satisfacias,
455 1668 525 1708 nisi
553 1668 683 1708 eidem
715 1667 857 1718 sponte
900 1665 1126 1706 satisfacere
1169 1678 1239 1705 ve-

114 1736 194 1784 lis,
236 1749 356 1790 atquc
389 1738 489 1778 adeo
533 1737 722 1778 effectum
761 1735 959 1789 quendam
999 1735 1101 1789 juris
1135 1737 1241 1775 inter

115 1807 300 1847 homines
326 1807 502 1848 sortitur.

177 1878 242 1917 1⁰.
273 1875 400 1930 Quod
434 1879 557 1932 igitur
595 1877 644 1917 ad
682 1875 904 1929 perfectam
943 1873 1239 1927 obligationem

114 1947 284 1995 attinet,
316 1958 361 1986 ea
389 1958 448 1986 est
477 1948 516 1986 in
545 1946 673 1987 altero
714 1958 796 1985 non
815 1943 1022 1996 'laedendo
1054 1941 1133 1996 (ε)
1173 1945 1240 1997 jus

117 2019 222 2057 enim
243 2029 324 2057 non
347 2018 553 2070 patiendi,
586 2027 630 2058 ut
658 2016 748 2069 quis
786 2026 824 2055 te
853 2014 1010 2064 laedet,
1055 2012 1234 2055 libertati

1169 2096 1239 2125 na-

159 2173 225 2218 (1)
246 2174 306 2211 ,Ius
333 2174 512 2216 Mam-ae,
537 2177 632 2210 Parte
658 2177 684 2210 I.
714 2176 732 2218 ξ
762 2174 839 2217 656.

161 2231 224 2275 (ρ)
253 2234 343 2265 Psst:
376 2234 400 2266 l.
427 2234 542 2276 §915.

625 2289 659 2330 L
695 2303 716 2329 ’.ι
