1519 2729
625 156 849 215 (43)

174 298 313 346 locuin
333 310 417 339 non
443 298 667 349 obtineret,
697 297 854 352 semper
882 310 1069 354 magnum
1092 297 1197 339 vitae
1223 310 1296 352 pee

174 368 349 410 ticulum
398 369 517 409 nobis
558 370 808 419 immineret,
850 381 957 410 nunc
1003 381 1102 410 vero
1139 369 1297 410 nonnifi

176 451 266 480 raro
314 440 599 489 inveniuntur,
659 441 757 492 qui,
799 441 958 481 arteriis
997 438 1130 490 laefiS,
1177 445 1300 483 morti

176 509 477 551 succubuerint.
536 544 540 548 t

234 579 372 620 Primo
422 579 616 634 adspectu
669 580 798 621 levius
850 580 977 622 videri
1017 582 1196 633 poterit,
1235 580 1306 620 has

179 652 437 703 operationes
459 650 664 705 sanguinis„⁴
681 664 703 691 e
723 662 860 692 nostra
882 651 1089 692 voluntate
1109 662 1190 690 non
1207 662 1306 704 pen-

180 721 288 762 dere.
348 721 405 760 At
441 721 675 773 perpende,
724 722 936 775 quomodo
984 722 1142 762 tandem
1179 721 1306 761 homo

181 791 358 831 dormire
402 790 568 844 posset,
611 802 679 832 aut
720 791 818 833 alias
863 805 926 833 res
965 804 1132 840 curare,
1188 791 1214 832 fi
1257 789 1309 834 ad

181 861 385 915 'sanguinis
409 872 564 902 motum
586 863 785 904 continuo
807 874 982 904 mentem
1003 862 1209 904 advertere
1236 872 1307 900 ne-

181 930 294 983 cesse
321 931 455 971 esset?

182 1021 187 1024 -
242 1000 285 1040 Si
323 1000 496 1052 denique
536 1000 747 1051 addamus,
789 1004 931 1057 organi
975 1003 1094 1042 huius
1138 1011 1311 1053 compo-

182 1071 370 1111 fitionem
409 1069 508 1111 licet
551 1073 803 1113 tenerrimam
838 1083 879 1112 et
918 1071 1311 1119 artificiofisfimam,

182 1141 270 1181 csse
298 1153 378 1181 tam
404 1141 576 1190 fortem,
604 1154 649 1184 ut
676 1155 749 1195 per
776 1155 937 1183 omnem
952 1144 1096 1190 vitam,
1128 1140 1207 1181 fine
1224 1139 1312 1180 ullo

185 1210 428 1265 plerumque
467 1213 599 1262 vitio,
644 1226 806 1253 munere
846 1212 917 1253 suo
965 1211 1180 1266 fungatur,
1225 1210 1315 1251 satis

185 1281 372 1322 admirari
413 1294 494 1322 non
539 1283 752 1335 possumus
787 1282 888 1323 illud
913 1282 1156 1328 artificium,
1187 1292 1325 1333 prop-->

187 1363 248 1392 ter
274 1352 557 1402 constantiam,
588 1365 689 1405 quae
711 1354 751 1392 in
779 1360 902 1406 opere
919 1353 1094 1392 humano
1107 1350 1315 1403 exspecta-

185 1423 218 1462 ri
241 1423 310 1461 vix
325 1421 471 1474 possit,
503 1433 542 1462 et
568 1435 647 1475 qua
677 1433 809 1463 tamen
834 1422 1015 1476 indigere
1040 1428 1215 1475 nequeat
1241 1420 1316 1461 ho-

188 1494 307 1532 minis
331 1494 426 1532 vita.
902 1489 906 1492 ⁴

643 1562 683 1614 §.
729 1562 844 1604 vm.

251 1702 434 1757 Organa
457 1703 651 1758 loquendi
678 1702 738 1744 acl
762 1701 1079 1742 humanitatem
1093 1709 1259 1755 promo-

426 1774 604 1814 vendam
633 1772 870 1814 hominibus
897 1772 1081 1816 tributa.

251 1914 344 1954 Vox
383 1914 554 1954 humana
581 1914 779 1968 originem
804 1913 918 1954 ducit
945 1925 994 1953 ex
1023 1910 1317 1966 pulmonibus,

193 1984 347 2025 nullum
379 1985 484 2023 enim
514 1983 773 2023 animantium
803 1996 952 2037 genus,
985 1984 1033 2022 iis
1063 1982 1317 2031 destitutum,

192 2054 333 2095 sonum
364 2055 460 2094 edit.
490 2079 536 2090 .-
567 2052 633 2098 Ex
668 2052 730 2093 his
765 2053 892 2095 halitu
921 2053 1072 2095 efflatur
1112 2054 1203 2101 aer,
1235 2051 1318 2105 (Ι)

1218 2135 1318 2163 con-

235 2199 298 2247 (ι)
324 2199 651 2242 Blumenbach‚
675 2209 700 2236 t.
722 2211 751 2237 a.
774 2213 807 2246 p.
831 2203 862 2247 §.
895 2204 967 2246 148.
997 2211 1092 2244 verg.
1116 2202 1148 2245 §.
1175 2208 1250 2244 154.
