1519 2729
762 158 787 209 (
846 172 872 212 4
917 153 955 212 '3

278 290 431 355 yerm'es
460 295 680 345 inferrent,
711 308 793 336 non
822 308 961 336 omnes
989 293 1154 335 eandem
1183 294 1231 333 iis
1259 293 1414 334 tribue-

277 381 356 421 rint
381 381 620 434 potentiam.
682 377 861 419 Fuerunt
889 377 956 418 alii
987 379 1026 418 in
1057 375 1241 417 curandis
1280 375 1411 429 aegris

278 474 417 502 eorum
441 475 580 515 parum
604 473 836 510 memoresz,
867 460 1028 501 fuerunt
1058 458 1125 500 alii
1155 470 1296 499 eorum
1326 469 1409 496 ma·

275 545 382 586 xime
425 545 582 593 timidi,
628 545 682 584 ita
719 555 764 584 ut
801 542 958 583 nullum
999 553 1081 582 non
1126 540 1314 581 morbum
1361 539 1413 578 ab

275 626 417 667 iisdem
460 638 591 667 ortum
629 626 775 666 ducere
819 623 883 664 vel
925 623 1060 664 saltem
1105 623 1252 663 ducere
1290 620 1411 674 posse

278 709 582 750 contenderent.
681 706 790 747 Inter
829 706 904 746 hos
939 704 1052 758 ,apud
1095 703 1263 745 Veteres
1303 703 1418 744 suere

278 791 485 839 Varro,
556 787 925 838 Columella,
994 787 1102 841 apud
1159 787 1414 828 recentiores

278 872 855 920 Leemvenhoekius,
940 868 1418 918 Hartsoekerus,

279 954 579 1007 Andryus,
620 954 718 1004 alii,
764 955 818 994 ita
858 952 1022 1006 quidem
1066 963 1110 992 ut
1146 950 1418 992 medicamen-

282 1045 413 1079 torum
444 1039 568 1078 virtus
599 1039 638 1077 in
667 1037 773 1077 hunc
802 1034 866 1076 vel
895 1035 1010 1075 illum
1038 1034 1225 1075 morbum
1243 1063 1256 1081 ‚
1288 1046 1338 1074 ex
1368 1044 1419 1072 eo

280 1121 496 1175 repetenda
523 1121 571 1160 iis
599 1119 826 1167 videretur,
871 1127 994 1172 prout
1038 1115 1193 1157 scilieet
1236 1115 1318 1156 hoc
1347 1113 1419 1156 vel

283 1203 389 1244 illud
414 1201 560 1248 animal
587 1202 678 1242 neci
708 1201 830 1242 daret.
902 1199 1009 1241 Vera
1052 1210 1185 1239 autem
1227 1194 1418 1238 videntur

283 1284 542 1326 Ammani
572 1281 994 1336 verba‚-quaehabet
1022 1280 1348 1322 Furstenau
1371 1281 1413 1320 in

279 1350 359 1408 suis
386 1366 654 1421 Deficleratis
681 1365 818 1407 Anat.
850 1361 974 1423 Playfi
1011 1377 1104 1420 pag.
1139 1375 1229 1417 145.
1273 1391 1303 1416 ,‚
1334 1347 1421 1404 Sic-

283 1479 312 1503 „
342 1461 387 1490 ut
413 1448 657 1503 Pathologia
680 1449 878 1497 animata,
926 1459 1063 1487 revera
1099 1444 1421 1486 demonstrabilis

285 1561 314 1585 „
344 1543 433 1582 est,
479 1543 519 1572 et
545 1529 764 1571 multorum
795 1528 1032 1570 morborum
1058 1527 1187 1569 adhuc
1210 1527 1423 1569 latentium

281 1643 310 1668 „
341 1613 476 1655 causas
506 1612 758 1654 manifestare
784 1623 951 1665 potest,
998 1610 1230 1663 praesertim
1271 1612 1423 1651 acutis-

281 1726 310 1752 „
336 1698 528 1746 fimorum
575 1695 789 1742 dolorum,
847 1693 1030 1746 adeoque
1075 1693 1169 1734 hine
1223 1694 1264 1732 in
1307 1694 1422 1746 praxi

285 1766 313 1833 ,',
343 1779 511 1820 Medica
555 1779 687 1832 magni
730 1775 942 1824 facienda3
975 1777 1030 1816 ita
1056 1788 1106 1816 ex
1132 1774 1297 1816 adverso
1334 1788 1424 1815 om-

285 1891 314 1916 „
343 1875 413 1902 nes
444 1861 610 1903 morbos
637 1873 659 1900 a
688 1859 892 1900 vermibus
931 1858 1136 1907 derivare,
1168 1857 1232 1898 vel
1260 1867 1312 1897 ex
1341 1857 1423 1898 hoc
1483 1851 1486 1853 ’

287 1974 315 1997 ,,
347 1945 479 1997 capite
515 1954 687 1984 mortem
727 1941 852 1996 ipsam
891 1953 1067 1982 vermem
1103 1939 1333 1995 appellare,
1376 1952 1425 1982 ac

287 2054 319 2079 ‚,
346 2026 597 2079 potissimum
627 2025 844 2079 scripturae
873 2023 979 2065 Iocis
1001 2024 1163 2080 vabuti,
1208 2022 1423 2063 verminofi

290 2138 318 2163 „
348 2109 538 2163 profecto
570 2108 714 2163 judicii
752 2118 813 2149 est
851 2105 1094 2150 indicium.”
1180 2103 1264 2148 Hie
1301 2105 1425 2160 igitur

1318 2198 1420 2240 quo·
1450 2194 1456 2201 ·
