1519 2729
737 151 964 209 (82)

283 286 389 337 'unde
415 287 583 348 ‘partim
622 289 760 331 saltem
808 292 937 333 oritur
979 301 1019 332 et
1061 290 1220 343 semper
1254 290 1403 332 confir-

284 376 416 405 matur
442 362 613 404 studium
631 390 644 410 ‚
677 373 761 414 quo
789 363 997 402 veritatem
1030 362 1228 403 continuo
1254 371 1296 401 et
1323 362 1403 401 vir·

286 437 442 482 tutem,
486 443 568 472 non
601 429 850 472 obstantibus
878 431 1041 472 summis
1071 429 1403 480 difficultatibus,

288 501 444 555 assequi
470 510 623 550 tentatt,
655 511 722 549 et,
746 499 848 541 ‘licet
862 513 928 542 eas
942 501 1126 556 perfecta
1140 501 1294 541 ratione
1319 513 1404 541 non

279 564 539 624 assequatur,
571 570 797 623 perfectior
833 582 964 611 tamen
989 571 1063 611 hac
1089 569 1258 610 terrestri
1304 569 1402 610 edu-

280 643 440 683 catione
469 639 623 689 evadit,
654 651 695 680 et
715 639 881 681 alteram
909 642 1031 681 vitam
1063 639 1298 692 exspectat,
1322 652 1403 693 qua

276 711 370 750 illae
390 709 602 750 facultates
631 709 890 761 exserentur,
920 722 962 751 et
989 709 1041 751 ad
1066 709 1264 751 summum
1306 721 1400 750 eve-

282 781 428 822 hentur
455 779 677 835 fastigium.
709 777 791 833 (ι)
1371 787 1375 791 ’

794 845 803 864 k

776 919 817 972 §.
848 918 902 961 V.

651 1057 721 1100 De
739 1060 742 1066 '
745 1057 833 1114 fine
863 1059 1025 1101 ultimo.

275 1210 278 1213 ·
331 1198 475 1240 Finem
517 1199 733 1248 ultimum,
778 1200 828 1239 ad
871 1211 992 1253 quem
1033 1201 1168 1241 omnia
1193 1199 1392 1250 tendunt3

272 1281 357 1321 quo
385 1267 836 1316 omnia—absolvuntur,
883 1277 958 1309 nec
997 1269 1038 1307 in
1066 1270 1204 1310 naturzi
1232 1269 1394 1310 senfibi-

241 1355 243 1357 ·
271 1337 325 1387 li,
357 1338 560 1390 nequesin‘
585 1328 940 1395 'nutui-&hominis
977 1338 1190 1388 rationali,
1221 1339 1391 1379 inveniri

266 1405 416 1459 posse,
461 1406 551 1446 satis
577 1407 771 1446 indicasse
799 1408 918 1447 nobis
943 1407 1154 1458 videmur,
1194 1420 1287 1448 eum
1322 1420 1391 1448 ve-

264 1482 380 1517 -ro‘a
419 1478 555 1517 naturai
595 1478 772 1517 hominis
819 1476 963 1516 morali
1002 1477 1277 1530 suppeditari,
1322 1479 1391 1518 vix

268 1546 539 1593 dubitabunt,
587 1547 654 1599 qui
695 1548 781 1587 eius
835 1546 1137 1603 destinationem
1178 1547 1228 1588 ad
1263 1548 1389 1589 virtu-

266 1628 378 1665 tem,
409 1609 607 1669 superiori
631 1617 669 1668 ᾗ.
693 1616 918 1668 expontam
935 1647 948 1662 ,
978 1617 1224 1657 concedunt.

324 1685 533 1741 Quaenam
575 1687 647 1726 sint
686 1685 986 1738 adspectabilis·
1007 1697 1048 1725 et
1083 1686 1290 1727 rationalis
1318 1699 1387 1728 na·

267 1743 378 1797 t'urae
421 1757 617 1804 virtutes,
657 1755 706 1794 ad
744 1755 852 1796 hunc
896 1755 1015 1795 finem
1039 1755 1256 1806 ultimum,
1298 1765 1386 1810 'quo

266 1828 396 1866 maior
441 1824 506 1865 vel
557 1822 702 1864 melior
746 1825 881 1865 nullus
937 1826 1162 1879 excogitari
1217 1819 1385 1879 potest,

261 1895 579 1948 assequendum,
619 1894 706 1933 datti
751 1897 1089 1947 opportunitate,
1137 1898 1214 1937 iam
1267 1888 1383 1950 supi-a

269 1965 431 2007 diverfis
471 1964 576 2031 locis
612 1963 897 2018 explicuimus'.

1322 2033 1379 2075 Et

252 2114 273 2130 ⁷
308 2119 371 2165 (ι)
394 2122 431 2154 F.
454 2122 484 2154 H
501 2131 518 2153 e
535 2131 565 2153 m
581 2123 598 2155 s
607 2131 617 2155 t
636 2131 653 2155 e
671 2132 686 2155 ι·
700 2123 720 2155 h
737 2133 757 2155 u
774 2123 783 2154 i
800 2133 814 2155 s
829 2147 840 2163 ,
863 2102 986 2158 Alonis.
1020 2125 1156 2157 Oeuvres
1178 2121 1262 2156 Phil.
1282 2123 1380 2158 Tom.

258 2178 305 2214 ΙΙ.
327 2189 360 2222 p.
389 2187 462 2222 127.
486 2178 554 2212 He
570 2186 584 2209 r
599 2177 620 2210 d
636 2187 712 2220 er,
737 2179 758 2214 l.
782 2188 814 2213 c.
838 2179 867 2213 1·.
892 2179 955 2214 Th.
977 2180 1001 2214 s.
1028 2181 1109 2214 182.
