1519 2729
547 134 770 192 (4¹)

89 279 192 334 gior.
252 275 435 318 Habetur
456 275 508 316 *in
545 275 726 316 *hominis
747 280 950 316 ‘contextu
973 272 1206 317 musculoso

89 359 130 388 et
159 344 312 388 cerebri
341 346 554 390 celluloso.

148 416 408 471 Cysticercus
448 415 698 465 visceralis,
740 422 792 454 'an
824 414 968 455 existat
995 412 1207 456 Rudol-

89 486 227 540 phio
256 488 427 526 maxime
457 485 622 526 dubium
650 483 820 524 videtur.

90 608 92 610 v
145 554 272 596 Nulla
296 555 403 608 apud
429 568 589 596 nostros
631 554 847 607 scriptores
884 556 1037 595 mentio
1078 553 1134 595 fit.-
1159 552 1223 594 der

89 637 224 667 verme
252 621 317 667 vel
347 624 547 677 Hydatide
576 626 656 666 huc
685 623 902 669 referenda.

555 763 581 817 5
612 763 726 805 XIV.

232 902 539 946 Echinococcus
569 901 748 947 hominis
778 905 900 948 RUD.
931 900 1012 959 (1)
1043 903 1085 944 εἰ

211 971 214 975 ’
500 972 678 1016 BREMS.
709 973 802 1029 (2).

135 1114 426 1158 ¹Echinococci
453 1115 661 1157 character
689 1118 898 1171 genericus
936 1127 1022 1158 est:
1066 1124 1216 1167 corpus

95 1186 387 1242 subglobosum
416 1185 480 1227 vel
512 1187 762 1236 obovatum‚
801 1187 940 1235 laeve,
984 1195 1218 1238 caputmn-

94 1257 240 1297 cinulis
282 1267 537 1297 coronatum.
627 1256 851 1297 Vermiculi
891 1253 1215 1309 punctiformes‚

94 1324 310 1379 Hydatidis
341 1326 567 1380 superficiei
595 1328 772 1367 internae
800 1327 1023 1367 insidentes.

123 1396 455 1452 *Echinococczfs
501 1396 693 1437 hominis.
767 1396 990 1449 Hydatides
1026 1393 1221 1448 quaedam

89 1465 317 1521 juglandis,
362 1466 462 1506 aliae
508 1468 574 1506 ovi
616 1465 842 1507 columbini
875 1466 941 1507 vel
977 1463 1220 1519 gallinacei,

50 1548 55 1552 ’
87 1536 192 1576 aliae
215 1539 342 1592 pugni
365 1537 654 1592 magnitudine.
717 1535 939 1578 Vermiculi
955 1534 1118 1575 arenula
1145 1533 1220 1573 mi-

91 1614 212 1645 nores
255 1606 356 1646 sunt.
417 1605 626 1648 Habentur
666 1609 708 1647 in
735 1604 1101 1658 cerebro'aliisque
1129 1615 1219 1656 par-

93 1676 216 1717 tibus.

150 1745 416 1798 Hydatides‚·
450 1761 551 1802 quae
589 1761 611 1789 a
651 1747 831 1802 Belgicis
872 1743 1106 1786 auctoribus
1136 1754 1221 1782 me-

95 1825 271 1858 moratae
293 1819 577 1869 inveniuntur,
608 1830 728 1871 atque
771 1818 850 1858 huc
878 1817 1078 1870 pertinere
1121 1811 1221 1853 mihi

94 1887 308 1937 videntur,
342 1888 430 1929 sunt
458 1888 693 1942 sequentes:
1175 1928 1179 1937 ,

1078 1953 1103 1995 S
1123 1964 1137 1993 t
1152 1966 1174 1994 a
1186 1951 1220 1993 l·

141 2054 204 2101 (1)
229 2057 430 2101 Rudolp
446 2057 478 2091 h.
503 2058 524 2093 1.
553 2058 574 2092 1.
599 2058 674 2092 Vol.
699 2058 744 2092 11.
775 2057 812 2092 P.
844 2057 889 2092 11.
913 2067 947 2100 p.
972 2067 1048 2102 247.
1084 2053 1220 2099 Syuops.

96 2123 131 2157 p·
143 2115 258 2215 (1285.ss
274 2180 290 2203 r
306 2180 324 2204 e
340 2179 371 2204 m
386 2170 409 2204 s.
438 2171 459 2204 l.
480 2170 501 2204 l.
520 2180 555 2213 p.
574 2182 651 2217 224.
700 2197 706 2202 .
752 2196 757 2201 .
795 2197 798 2199 Α
