1519 2729
572 213 800 274 (ει)

137 350 312 392 maxime
341 351 503 395 humani
543 355 678 399 elucet
707 359 859 415 ingenii
890 361 1152 415 praestantia!
1199 361 1278 408 Fe-

140 416 341 486 lieissimis
370 435 450 477 illis
481 449 522 478 et
557 441 852 485 incredibiliter
894 446 1132 499 honorificis
1176 452 1278 490 temss

135 516 306 569 poribus
336 521 407 572 qui
436 522 710 577 princ1patu1n
746 527 963 580 tenebant,
1010 530 1051 570 hi
1093 542 1133 571 et
1167 532 1276 574 seve-

133 599 243 640 riora
284 611 324 641 et
360 602 555 646 molliora
600 607 754 659 studia,
801 621 843 651 et
869 611 1067 666 quidquid
1105 616 1276 656 omnino

131 670 189 721 ad'
223 671 495 728 eruditionem
534 688 813 743 referebatur,
873 705 986 735 tanto
1030 696 1277 750 expetebant

129 764 300 816 ardore,
344 779 389 809 ut
428 769 478 810 ad
524 774 705 826 optimos
750 789 935 830 quosque
977 777 1106 819 libros
1148 779 1275 833 unde-

128 856 307 901 cumque
334 854 638 906 conquirendos
668 868 709 898 et
738 859 780 899 in
809 860 1064 902 vernaculam
1092 862 1274 918 linguam
1339 914 1342 916 v

128 930 427 974 transferendos
458 935 582 977 nullis
613 938 810 981 sumtibus
837 954 1080 995 parcerent,
1126 957 1172 985 ut
1199 958 1271 986 cu-

121 1010 370 1068 juscumque
400 1017 561 1059 tandem
598 1020 849 1064 conditionis
892 1027 1073 1068 eruditos
1106 1028 1156 1068 ad
1192 1029 1273 1070 sese

123 1093 337 1138 allicerent
378 1111 419 1139 et
463 1103 1076 1155 munificentissimis,ornarent
1117 1111 1273 1153 benefi-

119 1177 225 1228 ciis,
271 1191 316 1220 ut
362 1182 623 1236 amplissimas
653 1188 891 1231 instruerent
921 1192 1196 1235 bibliothecas
1226 1207 1270 1237 et

118 1258 642 1309 innumeras-Academias·
675 1271 927 1324 conderent,
986 1287 1031 1316 ut
1071 1289 1265 1332 magnum

117 1341 292 1396 denique
331 1345 558 1390 litterarum
607 1364 653 1393 ac
699 1353 946 1407 politiorum
989 1358 1265 1402 doctrinarum

114 1436 292 1467 amorem
312 1429 413 1482 ipsis
443 1433 565 1473 etiam
610 1434 789 1478 barbaris
818 1438 1088 1482 Mauritaniae
1115 1444 1266 1486 incolis

114 1505 185 1548 suo
209 1510 383 1563 imperio
408 1512 599 1569 subjectis
625 1518 879 1572 inspirarent.
911 1530 955 1558 -'·
987 1523 1115 1579 Quod
1143 1528 1170 1568 fi
1199 1540 1263 1568 er-

112 1601 169 1644 go
198 1592 446 1636 nobilissima
473 1596 626 1641 haecce
655 1612 840 1657 tempora
868 1606 998 1658 paulo
1025 1611 1256 1653 accuratius

110 1675 364 1729 propiusque
392 1679 609 1723 vobiscum
640 1685 693 1725 A.
717 1686 769 1726 A.
801 1688 1046 1740 perlustrare
1081 1691 1225 1734 liceret
1245 1721 1260 1744 ‚

72 1788 76 1791 J
112 1741 451 1811 obstupescessetis
487 1764 538 1805 ad
563 1768 806 1829 generosum
844 1772 998 1827 ingenii
1037 1773 1258 1817 orientalis

106 1838 339 1892 impetum,
387 1858 480 1887 cum
509 1849 550 1888 in
581 1849 712 1901 illud,
760 1854 876 1906 quod
917 1857 1098 1897 omnium
1137 1857 1258 1899 laude

112 1919 346 1977 summaque
371 1926 504 1981 gloria
545 1931 713 1986 dignum
751 1947 841 1985 est,
887 1939 1006 1978 unice
1052 1943 1258 1982 converti·

111 2006 196 2046 tur!
229 2030 273 2040 -
307 2006 445 2063 Quam
476 2024 574 2053 vero
605 2015 646 2054 in
676 2028 761 2057 rem
784 2019 810 2059 fi
839 2019 922 2060 vim
951 2020 1124 2074 aliquam
1159 2023 1254 2065 reli-

109 2088 224 2142 gioni
283 2091 421 2133 tribuo
460 2094 847 2150 Mohammedicae‚
910 2115 1032 2144 nemo
1076 2116 1257 2148 vestrum

111 2170 329 2224 opinetur,
374 2188 437 2216 me
479 2179 598 2220 nimis
647 2180 822 2237 benigne
864 2183 912 2225 de
940 2187 1015 2227 ista
1052 2187 1253 2244 religione

111 2252 324 2306 Judicare!
382 2257 520 2304 Habet
567 2275 643 2316 ea,
689 2264 848 2320 fateor,
895 2269 1090 2323 multum,
1137 2272 1252 2327 quod

182 2343 184 2346 ’
597 2350 599 2353 ’
1166 2354 1250 2397 val-
