1519 2729
550 172 687 232 (21
747 167 780 230 >⁴

97 311 206 352 xime
232 310 394 363 differt,
439 313 479 353 in
509 314 734 357 universum
763 326 895 357 autem
926 313 1060 368 specie
1089 317 1228 370 priore

97 382 276 423 crasfior.

151 450 290 504 Caput
328 454 547 506 generatim
586 465 781 507 parvum,
825 455 1087 506 distinctum,
1124 455 1226 496 irre·

92 519 232 574 gulare
285 520 424 570 adest,
480 523 645 575 papillis
698 538 872 578 quatuor
915 526 1130 579 perforatis
1164 527 1226 567 in-

92 588 284 634 structum
301 620 314 638 ‚
353 603 455 644 quae
483 605 505 632 a
530 593 737 636 nonnullis
768 607 954 648 tanquam
979 595 1089 636 oculi
1120 609 1222 636 con-

92 658 337 708 fideramur,
375 662 512 713 potius
541 675 673 706 autem
702 666 1007 707 confiderandae
1036 677 1224 719 tanquam

91 730 173 769 oris
199 727 420 782 aperturae.
480 731 618 786 Caput
643 735 684 775 in
713 734 866 777 collum
910 735 1052 776 definit
1093 747 1223 776 muta-

90 797 199 847 bile,
233 799 553 843 mobilissimum.

107 859 111 863 ’
145 868 311 921 Corpus
341 883 391 910 ex
419 874 538 913 variis
565 874 684 915 etiam
713 874 895 928 partibus
923 874 1220 927 compostum,

87 928 224 977 inultis
252 938 484 982 instructum
515 955 575 984 est
603 946 829 996 aperturis,
868 943 1072 997 plerisque
1102 943 1223 984 alter-

86 1009 208 1048 natim
239 1011 378 1062 positis
395 1041 408 1059 ‚
439 1024 513 1064 per
540 1025 637 1070 quas
667 1014 707 1051 in
733 1006 916 1065 partibus
941 1013 1127 1054 femineis
1143 1026 1222 1054 ova

85 1079 374 1131 excutiuntur3
407 1095 574 1135 quarum
603 1095 875 1136 aperturarum
906 1096 986 1137 ope
1006 1096 1078 1136 per
1093 1094 1220 1124 totam

85 1150 272 1201 corporis
319 1150 617 1206 longitudinem
673 1153 753 1194 sese
807 1154 1006 1194 intestinis
1063 1154 1222 1207 affigere

83 1217 203 1270 posse
234 1219 434 1262 dicuntur.
467 1223 503 1264 E
532 1223 714 1277 partibus
737 1236 834 1264 vero
865 1223 1097 1263 masculinis
1127 1235 1221 1263 cor-

82 1300 183 1340 pora
224 1287 429 1332 filiformia
477 1293 733 1347 dependent,
776 1306 877 1347 quae
920 1293 1107 1334 nonnulli
1147 1291 1219 1333 ab-

83 1354 281 1398 sorbtioni
309 1359 503 1403 destinata
526 1363 714 1405 dixerunt
741 1361 850 1417 (1),
896 1363 964 1403 alii
996 1363 1130 1403 ovaria
1158 1362 1220 1403 di-

82 1433 208 1475 cunt,
265 1430 324 1469 uti
374 1430 485 1472 Clas.
530 1432 566 1474 L
584 1434 808 1474 amarck
851 1431 902 1487 (2
907 1432 958 1486 )‚
1003 1432 1072 1473 Cl.
1112 1445 1215 1473 vero

83 1494 114 1535 B
131 1508 150 1535 ι·
162 1508 182 1536 c
200 1510 236 1536 n]
257 1497 342 1539 sel·
367 1513 416 1553 pe
410 1513 491 1540 nes
520 1501 590 1541 illa
618 1514 840 1558 nuncupat.

99 1564 177 1605 A
220 1566 346 1608 Wer
348 1582 456 1616 nei
471 1583 497 1609 0
541 1571 733 1614 dicuntur
777 1585 910 1627 partes
949 1585 1095 1614 omnes·
1125 1572 1216 1626 spe·

81 1636 184 1676 ciem
210 1635 315 1677 suam
341 1650 571 1694 propogare
595 1642 713 1695 posse
738 1642 841 1696 (ova
860 1641 1063 1696 ponere),
1094 1644 1217 1686 adeo-

81 1719 159 1758 que
203 1707 556 1761 hcrmaphroditos
600 1711 684 1751 esse
714 1709 812 1765 (3).
845 1732 890 1739 -
920 1712 1100 1753 Ovulum
1133 1726 1217 1755 tae·

79 1777 184 1816 niam
216 1779 421 1819 minimam
446 1780 485 1819 in
515 1780 552 1820 se
584 1783 798 1821 concinens
823 1785 1049 1836 rumpitur,
1089 1785 1213 1837 paulo

64 1857 296 1900 postquam
327 1850 537 1902 expulsum
569 1862 610 1891 et
640 1850 846 1906 proditum'
874 1854 942 1902 fit,
985 1865 1026 1894 et
1053 1854 1216 1907 conspi-

1155 1927 1213 1968 ci·

121 2027 186 2073 (ι)
211 2029 284 2064 vid.
314 2032 354 2064 M
369 2041 384 2064 a
401 2042 418 2065 c
434 2042 453 2074 q
470 2043 491 2065 u
509 2038 526 2066 e
543 2042 555 2066 t
572 2059 582 2073 ‚
607 2035 630 2069 1.
659 2044 689 2071 c.
716 2035 812 2069 Tom.
835 2037 898 2070 111.
926 2047 998 2081 pag.
1021 2047 1098 2082 450.

120 2083 185 2131 (2)
208 2089 374 2122 Animam:
391 2088 467 2130 siens
490 2092 671 2133 vertiam-es,
696 2093 791 2128 Toni.
818 2094 880 2128 ΙΙΙ.
904 2105 977 2137 pag.
1004 2106 1080 2138 159.

122 2141 185 2188 (3)
224 2145 324 2178 Conf.
348 2144 544 2185 Dz'sfi’rtasio
566 2149 606 2182 de
633 2150 798 2184 Vermibus
815 2144 967 2196 ‘Coaepmis
993 2153 1139 2189 Humani
1161 2160 1213 2190 in.

74 2201 277 2239 :estinalihus
303 2212 326 2235 a
356 2201 396 2235 H.
415 2202 471 2236 ¹13.
490 2204 530 2240 A.
555 2205 574 2239 S
587 2215 605 2239 c
617 2205 637 2238 h
650 2207 698 2240 ῐό
710 2214 722 2241 t
734 2215 751 2240 e
764 2216 800 2247 r,
826 2207 908 2241 nale
938 2209 1033 2252 1787.
1048 2218 1120 2252 pag.
1136 2219 1190 2252 23·
