1519 2729
579 139 800 221 (sb)

78 286 83 289 ι
122 300 351 352 ῌΕειοῡυε.
427 302 593 346 Eminet
623 318 706 346 non
743 315 895 346 tantum
931 301 1109 344 dilucida
1137 315 1254 358 argu-⁴

126 387 250 426 menti
289 386 574 428 distributione
619 399 660 428 et
701 387 1005 441 explicatione,
1049 386 1117 427 sed
1156 399 1256 427 vcro

121 471 242 510 etiam
273 470 372 509 mira
402 471 596 510 orationis
632 470 858 525 elegantia,
904 469 1089 525 singulari
1112 469 1259 524 judicii

123 553 309 599 acumine
339 563 379 592 et
410 552 587 593 mascula
615 553 784 607 quadam
804 554 956 608 ingenii
984 554 1038 593 vi.
1101 551 1256 607 Quam-

124 635 265 676 obrem
289 637 480 676 eximium
512 636 592 677 hoc
636 635 879 690 opusculum
915 636 1098 689 praemio
1137 635 1259 676 unice

124 718 293 773 dignum
333 718 419 759 esse
450 718 566 760 Ordo
598 719 779 770 censuit:
827 719 943 774 cujus
977 729 1188 760 auctorem
1219 716 1259 757 se

123 801 314 855 probavit

273 882 526 938 JANos
589 882 1101 934 Gssnnmsiziv,

124 964 240 1007 Phil.
272 964 310 1005 Τ
307 964 423 1006 Ιῑεσν.
456 977 497 1006 et
518 964 626 1007 Litt.
658 966 791 1007 Hm.
826 966 1008 1008 Candid.
1038 980 1089 1007 ac
1117 964 1156 1006 Τ
1152 964 1258 1007 heol.

211 1047 332 1089 stud.
365 1049 410 1090 in
441 1049 680 1091 Academia
706 1049 855 1091 Rlzeno
873 1048 940 1090 —T
937 1050 1171 1104 rajectina.

180 1131 367 1172 Accedas
397 1132 546 1187 igitur,
578 1134 742 1188 egregie
769 1133 962 1187 Juvenis‚
1007 1144 1051 1174 ut
1088 1132 1261 1186 praemi-

124 1226 192 1255 um
219 1215 425 1268 accipias!
473 1232 517 1241 ·-
548 1215 712 1256 Arridet
754 1218 918 1258 aurum!
963 1215 1095 1256 Immo
1129 1214 1261 1256 multo

125 1299 268 1352 magis
305 1299 452 1339 arridet
486 1299 647 1348 honor,
695 1300 811 1353 cujus
850 1297 983 1339 nobili
1025 1297 1187 1339 stimulo
1222 1309 1262 1338 te

124 1380 343 1434 impulsum
383 1380 599 1438 praeclare
624 1381 861 1423 ostendisti!
907 1380 1007 1422 Non
1049 1381 1125 1421 tibi
1155 1381 1262 1421 enim

124 1463 226 1513 soli,
273 1464 340 1505 sed
373 1475 534 1504 nostrae
563 1466 686 1505 etiam
723 1464 968 1505 Academiae
994 1463 1167 1519 gloriam
1197 1452 1264 1505 fua

126 1546 398 1607 disputatione
431 1546 662 1589 conciliasti
690 1547 797 1588 haud
827 1547 1092 1588 mediocrem.
1122 1565 1164 1575 -
1196 1545 1264 1588 En

125 1641 225 1684 ergo
263 1632 486 1683 praemium
505 1661 517 1680 ‚
550 1630 663 1684 quod
692 1631 767 1671 tibi
796 1631 909 1672 trado
936 1630 1263 1681 lubentisfimus,

125 1725 255 1766 eaque
284 1712 352 1767 spe
383 1714 560 1768 gaudens
590 1727 711 1767 quam
739 1697 943 1764 maxim&
988 1714 1077 1755 fore
1106 1725 1151 1755 ut
1180 1713 1265 1755 lau·

127 1784 251 1851 dabili
297 1798 534 1838 eximiarum
574 1798 727 1852 ingenii
769 1798 974 1851 animique
1017 1797 1161 1839 dotum
1192 1796 1264 1838 usu

129 1876 289 1932 semper
314 1879 364 1920 ad
388 1892 522 1920 veram
553 1879 726 1935 gloriam
756 1880 1004 1922 contendas!

188 2044 305 2086 Ordo
334 2045 572 2087 Matheseos
600 2057 640 2086 et
664 2045 955 2101 Philosophiae
984 2045 1192 2089 Naturalis
1217 2047 1266 2090 ad

124 2130 409 2182 quaestionem
437 2128 647 2181 Phyficam
679 2129 798 2184 hujus
814 2133 1059 2185 argumenti:
1091 2132 1263 2186 Aquae,

123 2224 234 2266 quae
256 2213 434 2268 vaporis
457 2210 608 2267 forma
630 2212 676 2255 in
714 2212 1035 2269 Atmosphaera
1080 2216 1263 2257 contine-

1154 2307 1231 2340 tur
1244 2327 1258 2349 ‚

1150 2384 1175 2394 ι
