1519 2729
655 138 877 197 (39)

198 279 343 322 ricula
376 281 491 328 eius,
525 280 595 333 qui
633 280 781 333 recipit
809 278 1118 333 sanguinemrex
1148 287 1323 328 corpore

200 362 317 400 totoz,
357 363 407 390 ex
451 351 530 391 hoc
570 351 652 392 finu
693 350 744 391 ad
782 348 999 402 pulmones
1037 346 1198 386 vehitur
1237 345 1321 385 san-

197 421 310 475 guiS‚
351 421 401 460 ab
444 422 573 473 iisque
612 420 831 470 reductus,
871 420 912 460 in
952 417 1049 472 stnu
1101 426 1142 456 et
1199 415 1322 458 auri-

198 490 297 532 cula
345 492 606 544 posteriori,
654 488 801 543 (quam
839 487 939 530 olim
982 485 1171 529 finistram
1214 487 1325 528 dixe-

197 558 316 612 runt)
349 558 428 615 (1)
459 563 720 615 concipitur,
767 559 962 612 deinceps
992 557 1154 598 vehitur
1182 556 1242 597 ad·
1261 570 1328 597 ca-

196 632 361 672 vitatem
386 632 426 671 in
451 632 594 672 eodem
610 631 748 673 cordis
762 630 885 671 latere
902 630 1096 682 positam,
1128 638 1168 666 et
1195 627 1328 667 tranfit

195 701 238 741 in
281 700 464 752 systema.
485 703 717 743 arteriarum
753 712 970 742 commune
997 713 1043 740 ae
1073 697 1207 739 cordis
1234 696 1327 738 sub-

197 770 400 819 stantiam,
432 769 512 824 (2)
541 785 591 812 ex
620 771 774 813 ultimis
802 772 975 825 denique
1005 770 1240 810 arteriarum·
1264 780 1326 808 ra·

196 842 272 880 mis
295 842 333 880 in
357 853 546 882 venarum
560 841 714 883 radices
728 872 741 892 ‚
763 842 871 892 etcsic
888 843 926 881 in
942 852 1152 894 utramque
1181 850 1325 878 venam

196 923 335 951 cavam
377 911 524 951 transit.
589 910 679 952 Hac
720 913 844 966 igitur
891 911 1084 952 structura
1136 909 1327 950 efficitur,

197 991 240 1021 ut
274 981 520 1032 exprimatur
547 992 593 1021 ea
623 981 823 1035 sanguinis
851 994 974 1035 pars,
1005 992 1108 1032 quae
1136 981 1177 1019 in
1215 979 1324 1020 cavi<-

197 1059 276 1089 tate
304 1049 474 1090 liabetur
504 1051 651 1100 toties,
695 1053 857 1104 quoties
887 1051 1024 1105 pulsus
1052 1050 1242 1091 sentiatur
1264 1061 1326 1089 ar-

197 1120 406 1160 teriarum:
430 1121 484 1160 ita
509 1132 553 1161 ut
578 1120 757 1177 sanguis,
785 1122 1002 1166 secundum
1018 1122 1164 1163 Mart
1181 1121 1272 1160 ine
1289 1131 1323 1159 t-

198 1190 243 1229 ti
286 1192 634 1243 computationem
653 1222 665 1240 ‚
708 1205 868 1247 quaque
907 1194 1007 1234 hora
1036 1192 1102 1233 bis·
1127 1201 1168 1231 et
1193 1191 1325 1231 vicies

196 1272 271 1313 per
307 1273 456 1313 corpus
496 1273 679 1303 nostrum
723 1263 831 1304 fluat.
859 1261 939 1317 (3)
980 1290 1026 1300 -
1066 1261 1134 1302 Ad
1171 1261 1328 1316 sangui-

198 1329 260 1380 nis
302 1329 461 1371 cursum
501 1331 754 1387 dirigendum
813 1332 996 1373 valvulae
1038 1332 1325 1381 inveniuntur,

198 1413 301 1454 quae
339 1401 611 1454 impetuosum
640 1404 931 1457 retrogressum
959 1402 1160 1457 sanguinis
1189 1402 1230 1441 in
1257 1414 1328 1442 ve·

197 1482 296 1517 nas,
328 1472 567 1523 impediunt.
612 1472 887 1514 Irritabilitate
915 1474 1070 1528 igitur,
1102 1485 1181 1526 qua
1210 1484 1326 1525 prae-

199 1537 327 1578 ditum
368 1552 427 1580 est
469 1555 543 1582 cor
587 1554 800 1593 nostrum,
848 1544 1050 1600 sanguinis
1078 1553 1234 1596 partem
1265 1555 1328 1583 re-

202 1619 361 1659 ceptam
399 1614 545 1663 premit
574 1614 614 1653 in
640 1617 830 1664 arterias,
877 1628 978 1669 quae
1007 1614 1126 1655 initio
1153 1613 1241 1655 sunt
1270 1614 1328 1654 la-

203 1677 348 1727 tiores,
381 1678 447 1720 sed
474 1681 609 1724 sensim
638 1686 889 1738 angustiores
917 1685 1031 1725 fiunt.
1058 1709 1100 1718 -
1127 1684 1329 1726 praestant

202 1748 365 1788 arteriae
380 1749 639 1802 fortitudinez,
666 1753 754 1795 sunt
768 1756 873 1796 enim
891 1755 1018 1796 tribus
1040 1755 1187 1796 tunicis
1211 1767 1325 1795 com-

204 1818 369 1869 pofitae.
402 1818 482 1874 (4)
529 1821 744 1877 Originem
764 1824 917 1866 ducunt
943 1839 994 1867 ex
1021 1827 1103 1867 finu
1125 1827 1328 1880 posterio-

957 1922 960 1923 ν
1294 1899 1329 1939 ri

249 1952 702 2004 <1)Bluinenbach,
727 1971 752 1998 t.
774 1973 804 1998 a.
826 1975 860 2008 p.
884 1965 916 2008 §.
944 1974 1000 2009 91„

248 2009 310 2054 (ε)
337 2020 360 2045 t.
383 2023 412 2047 a.
439 2025 472 2056 p.
497 2019 528 2061 ς.
552 2029 607 2061 92,

250 2065 312 2111 (3)
338 2070 368 2114 J.
400 2072 436 2105 F.
462 2073 501 2105 Μ
516 2084 532 2106 a
549 2084 563 2106 r
580 2084 591 2107 t
608 2075 650 2107 in
669 2085 686 2107 e
703 2084 737 2116 t,
769 2076 984 2112 Katechismus
1009 2078 1066 2112 der
1092 2077 1231 2114 Natum·
1256 2062 1348 2113 door!

209 2125 238 2158 U
256 2126 263 2157 i
282 2126 289 2156 l
308 2126 326 2158 1(
344 2136 361 2159 e
376 2138 395 2159 n
412 2138 425 2160 s
438 2154 448 2169 ,
471 2131 500 2163 V
524 2131 778 2175 Zameuffiraalc.

250 2179 312 2226 (4)
338 2184 703 2231 Blumenbach,
729 2199 753 2225 t.
775 2200 804 2225 a.
826 2201 859 2235 p.
884 2192 914 2235 §.
937 2200 994 2236 γε.
