1519 2729
529 148 783 206 (195)

86 292 212 335 veluti
251 293 356 333 vires
385 288 457 332 fibi
487 288 664 330 invicem
701 296 1004 342 opponuntur,
1050 296 1218 340 quarum

86 364 186 404 haec
218 362 327 403 illam
355 363 516 409 vincat,
562 370 607 400 ut
638 358 764 398 homo
803 356 908 397 liber
947 356 1006 396 fit.
1098 355 1220 397 Suam

63 444 265 474 maturam
295 430 512 483 sensualem
540 430 679 481 itaque
709 426 870 482 (quoad
911 426 990 466 hoc
1035 437 1098 465 res
1136 425 1221 478 ipsa

86 501 191 552 fert)
223 503 335 553 (ι),
367 513 440 554 per
470 497 665 540 moralem
699 498 900 538 vincendo
932 496 1035 537 liber
1064 507 1124 536 est
1150 495 1224 535 ho-

86 584 170 612 mo.
229 569 364 626 Hujus
393 582 491 610 vero
520 569 652 609 libere
679 567 823 623 agendi
869 566 1071 609 facultatis
1116 567 1224 607 varia

86 641 306 682 admodum
350 640 438 681 sunt
480 628 676 693 objectu,
737 651 910 692 quorum
959 639 1225 690 praecipuum

87 722 150 751 est
180 710 263 763 ipse
294 711 449 757 homo,
483 710 598 763 cujus
631 708 805 763 dignitas
839 720 888 748 eo
920 708 1094 748 maxime
1130 707 1226 747 niti-

89 791 181 829 tur,
226 780 337 833 quod
374 776 462 833 ipse
506 778 758 819 voluntatem
802 777 908 818 suam
948 777 998 817 ad
1027 775 1227 832 agendum

88 840 352 907 determinare
377 848 518 901 possit.
585 846 677 889 Hac
703 860 802 888 vero
818 847 1008 888 facultate
1037 847 1226 901 egregii,

86 917 150 958 vel
176 919 323 970 privari
354 929 492 970 potest
519 930 592 971 per
631 917 670 958 se
705 918 864 971 ipsum,
910 918 936 957 fi
980 922 1017 958 fe
1055 918 1166 957 vmci
1204 929 1230 957 a

85 999 226 1028 natura
271 985 437 1028 sensuali
479 989 682 1041 patiatur,
721 986 786 1027 vel
828 987 1002 1027 aliorum
1039 986 1158 1026 factis
1199 986 1227 1027 fi

89 1055 151 1097 illi
176 1057 319 1110 injuria
347 1056 530 1098 infertur.
594 1055 704 1098 Huic
738 1067 872 1101 autem
917 1058 974 1097 rei
1005 1048 1227 1109 impedien-

89 1125 161 1167 dae
188 1125 350 1167 inservit
374 1127 474 1180 juris
499 1126 709 1176 doctrina,
743 1125 805 1167 illi
837 1139 936 1167 vero
965 1127 1117 1168 ethica-

145 1196 285 1250 Itaque
320 1190 435 1250 -juris‘
497 1198 752 1251 principium
809 1197 1229 1239 Kohilschi’ltte-

89 1264 132 1305 ri
163 1262 273 1316 (ε),
317 1264 420 1306 illud
462 1266 546 1306 esse
604 1279 801 1321 apparet,
845 1268 958 1320 quod
1004 1267 1233 1308 officiorum

89 1333 366 1387 perfectorum
398 1335 510 1376 fimul
539 1336 823 1378 assumendum
854 1336 1043 1378 videtur:
1087 1365 1115 1389 ,‚
1145 1334 1233 1377 Ne—

89 1404 207 1443 minis
237 1403 422 1457 dignitati
457 1406 534 1445 tuis
562 1407 743 1449 externis
769 1407 1001 1447 actionibus
1030 1404 1225 1449 officias.”

100 1472 308 1527 Quodque
334 1475 387 1513 ita
414 1473 529 1514 alteri
565 1486 629 1515 est
663 1476 866 1525 officium,
906 1472 1022 1517 alteri
1045 1477 1110 1532 jus
1137 1477 1234 1526 dat,

92 1543 204 1596 quod
232 1554 270 1582 et
299 1554 462 1585 eatenus
497 1555 608 1586 recte
654 1546 842 1600 persequi
879 1558 1046 1600 potest,
1076 1531 1133 1588 “ut
1160 1546 1235 1587 fibi

93 1612 310 1665 praestetur
341 1612 436 1667 (3).

152 1683 214 1721 Ac
272 1684 323 1724 fic
364 1684 527 1737 quidem
570 1685 661 1725 satis
696 1685 842 1726 dixisse
885 1687 1006 1727 nobis
1042 1685 1228 1728 videmur

96 1751 145 1791 de
176 1752 312 1801 notis,
344 1755 491 1806 quibus
527 1767 548 1794 a
576 1754 774 1809 perfectis
817 1757 959 1799 officiis
1000 1756 1219 1811 imperfec-

101 1832 143 1861 ta
174 1821 304 1862 officia
331 1823 601 1867 distinxerunt
631 1825 800 1867 eruditi.

1153 1895 1258 1938 Pro*

146 1968 209 2014 (ι)
235 1971 270 2003 In
302 1980 339 2004 ea
369 1973 476 2013 enim,
500 1982 584 2014 quae
606 1983 623 2006 a
651 1974 822 2008 voluntate
850 1985 916 2009 non
937 1974 1111 2019 pendent,
1133 1983 1242 2017 penes

99 2029 278 2062 Rationem
297 2030 382 2061 nulia
415 2037 464 2062 est
489 2030 549 2063 vis.

59 2116 72 2128 ,
146 2082 209 2129 (2)
233 2086 446 2129 Propiideutik
461 2110 471 2125 ‚
494 2085 721 2131 Encyclopa'die
741 2089 811 2122 und
829 2088 1054 2132 wthodologie
1077 2088 1128 2122 des
1151 2086 1232 2132 Posi-

31 2169 34 2174 .
100 2145 189 2178 tiren
215 2141 562 2186 Reclttsmsjfcnsclmft,
588 2144 729 2188 Leipzig
755 2155 852 2189 1797.

24 2195 30 2202 '
148 2196 211 2243 (3)
237 2198 336 2234 Conf.
363 2199 394 2232 11
410 2209 426 2233 e
443 2211 463 2233 u
478 2201 605 2242 rici,
628 2201 717 2236 [defu
755 2202 800 2237 11.
830 2202 869 2236 B.
889 2203 912 2236 s.
938 2212 1016 2246 209.
