1519 2729
571 172 794 228 (65)

121 309 264 359 caseo,
310 311 491 359 recenti,
537 312 708 352 maxime
764 312 845 355 dici
896 313 1073 364 vellemt,
1119 327 1248 357 narrat

118 379 151 420 B
169 381 303 420 oerh
321 378 609 433 aavius(1)
628 382 665 421 se
696 385 854 424 novisse
885 385 1089 426 hominem
1109 414 1121 433 ,
1151 387 1243 437 qui,

117 450 278 491 fimulac
306 452 463 492 caseum
489 451 771 501 manducaret,
804 454 916 494 bidui
948 467 1130 508 tempore
1153 467 1248 508 post

116 519 333 561 molestum
359 521 556 573 pruritum
584 520 633 560 ab
661 522 905 564 ascaridibus
931 524 1107 576 copiosis
1137 526 1246 566 circa

113 602 231 631 anum
258 590 465 631 sentiebat.
526 590 624 631 Erat
650 592 720 632 iile
747 593 881 634 caseus
899 624 927 642 ,.
956 596 1025 647 qui
1055 608 1105 636 ex
1151 605 1242 636 toto

111 659 247 708 lacte,
289 673 371 700 non
426 659 606 712 separato
666 663 776 715 prius
819 673 931 715 parte
989 675 1245 705 cremor-acea

111 731 355 782 conficitur,
386 731 480 771 hinc
510 732 674 784 pinguis
700 732 790 773 satis
819 744 878 773 est
903 744 943 773 et
972 726 1112 786 sapo're
1151 746 1241 788 gra-

111 812 187 842 tus,
263 801 304 841 Si
346 801 557 841 abstineret
597 815 619 841 a
647 801 736 842 talis
780 802 882 844 casei
923 803 1019 852 esu,
1062 803 1127 844 vel
1164 805 1241 846 alia

109 871 215 912 casei
254 871 387 924 specie
419 883 626 921 uteretur,
672 872 784 913 brevi
828 873 1006 913 cessabat
1040 874 1237 916 molestus

107 940 178 981 ille
204 941 379 993 pruritus
395 971 408 990 ‚
445 953 520 980 nec
546 939 724 993 amplius
752 943 1001 995 apparebant
1027 943 1235 985 ascarides.

163 1006 278 1063 Quas
294 1009 473 1050 recensui
491 1039 503 1058 ,
536 1010 634 1049 mihi
652 1010 789 1050 causae
819 1023 995 1052 remotae
1026 1013 1114 1053 sunt
1140 1027 1238 1066 pro-

104 1091 246 1121 ventus
285 1080 583 1121 Entozoiirtmz.
673 1080 782 1122 Inter
823 1094 889 1122 eas
929 1094 1062 1123 autem
1099 1083 1238 1136 plures

103 1149 378 1191 animadverto
396 1180 408 1198 ‚
439 1163 540 1203 quae
571 1152 611 1190 in
641 1162 778 1192 nostra
803 1153 970 1206 regione
999 1152 1092 1207 plus
1117 1167 1237 1207 quam

102 1221 145 1260 in
182 1219 270 1260 aliis
311 1222 592 1274 reperiuntur3
637 1221 809 1261 climatis
848 1222 1035 1263 nimirum
1077 1234 1118 1263 et
1154 1222 1236 1263 ‘soli

102 1290 338 1330 constitutio
378 1290 540 1331 humida
577 1301 618 1330 et
672 1290 891 1344 paludosa,
933 1291 1235 1333 lacticiniorum

101 1371 143 1399 et
186 1360 317 1409 casei,
372 1372 447 1400 nec
491 1373 573 1400 non
623 1360 926 1414 potulentorum
978 1361 1232 1411 calidorum,

100 1430 343 1482 aquosorum
362 1461 374 1479 ‚
406 1430 637 1482 praesertim
666 1431 882 1472 infusionis·
900 1431 1014 1471 theae
1044 1431 1236 1485 frequens

99 1500 206 1542 usus,
265 1501 436 1541 Videtur
478 1502 602 1556 igitur
641 1513 691 1541 ex
734 1500 893 1540 illarum
924 1500 1127 1542 causarum
1172 1513 1233 1544 re·

101 1582 301 1612 motarum
346 1572 544 1612 concursu
597 1570 802 1624 probabili
854 1570 1022 1622 quadam
1064 1572 1233 1614 ,ratione

100 1639 222 1694 posse
252 1640 444 1692 explicari
474 1640 726 1697 frequentior
753 1641 949 1681 vermium
975 1641 1016 1681 in
1046 1639 1225 1697 superio-

101 1712 137 1752 ri
163 1711 297 1766 Belgii
325 1723 437 1764 parte
468 1712 692 1766 generatio.

149 1881 714 1929 (1>Boerhaavius‚1.1.
738 1886 835 1921 Tom.
862 1886 921 1921 IV.
943 1895 978 1929 p.
997 1865 1075 1930 690.

636 2224 672 2266 E
1071 2220 1074 2222 ·
1099 2224 1124 2278 ς
1155 2223 1228 2264 111.
