1519 2729
542 161 763 219 (61)

90 303 261 345 milanda
289 304 481 349 veniunt,
514 301 579 341 sua
605 301 770 342 reddere
796 314 878 343 non
910 301 1094 352 valeant,
1126 318 1215 346 ver-

90 387 174 415 mes
214 374 402 422 existunt.
459 370 569 412 Hinc
613 383 673 412 est
716 373 826 425 quod
868 373 1136 432 scrophulofis
1178 387 1218 430 et

89 442 314 496 atrophicis
355 441 585 494 frequentes
624 441 773 481 adsint:
820 445 859 482 in
890 446 998 483 omni
1029 443 1096 483 tali
1126 457 1217 484 cor-

91 525 191 567 pore
230 524 424 565 quoquc·⁹
469 509 595 551 multa
639 522 699 551 est
743 511 950 565 glutinoso
995 514 1218 564 spontaneo

91 582 280 623 nascendi
324 581 510 630 occafio,
571 581 682 634 quod
720 581 922 623 vermibus
975 582 1112 622 nidum
1154 584 1221 625 dat

92 652 356 694 commodum
388 648 482 704 (Ι).

151 722 271 764 Anni
299 729 538 773 tempestas.
598 720 797 775 Magnum
826 722 865 762 in
893 721 1095 763 vermibus
1125 736 1221 776 pro-

94 793 287 834 ducendis
319 802 565 831 momentum
584 802 799 844 tempestas
827 794 918 832 anni
948 794 1046 833 mihi
1074 793 1221 835 habere

93 863 277 910 videtur,
308 863 497 902 nimirum
527 861 688 901 humida
710 873 750 902 et
777 862 888 903 fimul
918 862 1060 903 calida.
1107 862 1220 906 Haec
1266 891 1272 896 -

93 934 202 974 enim
231 932 337 973 laxat
367 943 567 982 corpora,
612 931 822 984 supprimit
857 932 1222 985 perspirationcm‚

93 1003 188 1045 inde
237 1001 370 1042 laticis
410 1001 546 1053 aquosi
582 1001 622 1039 in
664 1001 858 1042 cellulosa
898 1013 938 1042 et
981 1005 1221 1044 cavitatibus

94 1073 290 1128 stagnatio
302 1070 375 1124 (an
393 1070 483 1110 inde
497 1068 734 1122 Hydatides
743 1069 792 1123 ?)
803 1101 815 1119 ‚
834 1071 988 1118 lentor,
1007 1073 1222 1123 cachexia,

95 1145 239 1184 virium
282 1140 465 1182 vitalium
508 1139 705 1194 languor,
751 1143 931 1183 omnium
966 1142 1224 1185 functionum

28 1255 40 1259 ,,
95 1214 264 1262 inertia,
323 1210 455 1251 morbi
502 1211 683 1264 putridi,
736 1213 986 1266 contagiosi,
1030 1213 1225 1266 pestilen-

97 1295 156 1324 tes
186 1281 295 1336 (2),
341 1291 562 1333 omnesque
588 1281 750 1330 morbi,
797 1282 865 1334 qui
894 1295 945 1323 ex
972 1284 1110 1325 vitiata
1152 1297 1224 1325 cu-

97 1355 147 1394 tis
202 1353 412 1394 functione
454 1363 530 1403 pro
574 1351 775 1400 mirabili,
828 1364 930 1404 quae
973 1355 1077 1394 inter
1119 1339 1223 1396 hanc

95 1436 137 1464 et
176 1423 366 1464 intestina
406 1431 467 1460 est
498 1418 720 1472 sympathia
759 1422 799 1461 in
828 1422 890 1462 his
917 1425 1012 1463 oriri
1043 1425 1224 1476 possunt.

95 1493 206 1536 Hinc
235 1504 455 1538 autumno,
488 1492 556 1543 qui
587 1490 809 1543 pluviofior
845 1491 929 1532 esse
958 1492 1086 1543 solet,
1131 1493 1224 1547 plu-

95 1576 159 1605 res
187 1565 447 1604 observantur
492 1573 649 1602 vermes
688 1574 735 1601 ac
775 1560 856 1602 alio
895 1565 988 1602 anni
1029 1568 1226 1616 tempore}

97 1634 173 1675 Est
204 1632 603 1685 Hippocratis
632 1619 786 1671 dictum
817 1633 857 1671 in
881 1631 978 1673 Lib.
1010 1632 1062 1672 II.
1093 1633 1223 1687 Epid.

96 1734 125 1757 ,‚
155 1705 364 1745 Autumno
395 1701 568 1741 maxime
593 1699 782 1741 lumbrici
809 1713 850 1742 et
876 1702 1136 1759 cardialgia.'’

155 1773 459 1823 Confirmantur
485 1771 634 1812 haecce
661 1772 740 1822 iis,
771 1784 874 1826 quae
904 1774 1115 1815 occasione
1138 1777 1226 1827 epi-

1165 1846 1237 1888 dea

144 1968 209 2016 (1)
246 1969 322 2005 Vid.
349 1978 433 2013 quac
476 1968 608 2010 egregia
635 1968 757 2003 habent
797 1969 825 2003 B
841 1980 862 2003 o
878 1979 895 2003 c
912 1980 928 2003 r
943 1970 961 2003 h
977 1980 994 2003 a
1008 1980 1025 2003 a
1038 1972 1085 2004 vi
1100 1981 1120 2004 u
1137 1981 1150 2004 s
1189 1983 1225 2008 et

99 2027 120 2062 S
138 2038 169 2061 w
185 2028 193 2060 i
210 2037 228 2060 e
246 2037 258 2062 t
274 2037 291 2061 c
309 2038 327 2060 n
344 2027 389 2060 iu
404 2036 419 2060 s
433 2051 444 2067 ,
475 2027 513 2059 de
547 2026 704 2070 Glute'nofh
731 2028 906 2072 Spontaneo
932 2030 965 2062 z'n
992 2030 1074 2063 illius
1096 2030 1225 2073 Aphor.

98 2087 144 2130 69
160 2106 171 2111 -
187 2088 243 2128 76.
1183 2077 1186 2081 ’

145 2140 208 2186 (2)
231 2140 306 2177 Vid.
344 2142 375 2175 G
389 2150 406 2174 a
422 2150 442 2175 u
457 2141 530 2174 bii
563 2141 691 2178 Patlzol.
727 2144 803 2188 Cap.
839 2143 879 2176 de
903 2143 1029 2179 Nocivis
1060 2144 1224 2190 Atmosph.

98 2198 321 2243 Posestmihm.
