1519 2729
545 141 771 200 (31)

147 280 262 324 Haec
299 280 521 328 sententia,
566 293 687 334 quam
728 294 751 322 a
788 281 949 322 nemine
981 281 1022 321 in
1051 280 1220 322 dubium

88 356 227 397 vocari
254 354 373 407 posse
401 352 528 402 dicit,
558 366 582 393 a
607 349 788 392 Libes
816 364 899 393 non
926 351 1136 407 probatur.

149 436 189 477 3.
220 423 506 476 Principium.
1212 458 1215 459 γ

143 492 281 533 Aestas
319 504 379 533 est
415 488 689 545 procellarum
717 491 817 544 ‚anni
853 501 1027 544 tempus.
1111 489 1221 533 Cum

86 573 220 603 autem
258 562 414 615 semper
455 559 581 601 aestus
623 561 847 602 vehemens
869 560 1073 617 procellas
1102 570 1220 615 prae-

88 632 232 682 cedat,
265 632 469 685 sequitur‚
501 630 583 671 illis
611 617 786 680 diebus,
832 632 981 685 quibus
1010 632 1219 683 oriuntur,

87 714 270 757 magnam
296 713 421 756 aquae
451 703 715 756 quantitatem
751 700 1001 754 decomponi
1041 700 1218 752 debere,

86 771 192 812 unde
219 784 362 826 magna
384 772 576 826 oxygenii
599 782 640 811 et
666 769 909 826 hydrogenii
935 772 1124 825 provenit
1146 784 1220 813 co÷

85 842 165 894 pia.
226 840 314 882 Gaz
340 842 637 897 hydrogenium
663 840 868 882 adscendit
894 853 938 882 ut
959 841 1219 895 atmosphae-

83 922 152 951 rae
199 920 379 962 occupet
411 908 577 958 locum,
621 911 807 964 gravitati
854 911 946 952 suae
1002 911 1219 964 specificae

83 981 409 1021 convenientem.
471 978 560 1020 Gaz
590 980 838 1034 oxygenium
861 980 1118 1035 hydrogenio
1141 981 1218 1022 ob·
1247 1011 1250 1014 -

83 1048 246 1090 ducitur
276 1060 317 1089 et
344 1047 534 1103 globuli,
578 1061 602 1089 a
641 1048 802 1090 duobus
830 1049 893 1090 his
921 1062 995 1104 gaz
1017 1050 1213 1100 formati,

81 1116 248 1159 levitate
286 1117 352 1158 sua
393 1118 669 1171 adscendunt,
717 1121 788 1174 qui
831 1119 1041 1162 adscensus
1083 1121 1217 1163 ventis

81 1188 203 1229 etiam
233 1200 513 1241 promovetur.

139 1256 262 1299 Hunc
304 1259 496 1314 oxygenii
540 1258 771 1301 adscensum
815 1261 1093 1316 conjecturam
1129 1261 1216 1304 esse

82 1326 258 1379 fatetur,
288 1342 408 1382 quam
432 1340 564 1370 autem
596 1331 879 1385 conjecturam
891 1332 1215 1385 probabiliorem

81 1397 249 1439 reddere
287 1411 477 1449 conatur,
522 1411 719 1449 monem,
775 1400 926 1442 nullam
966 1401 1085 1444 aliam
1131 1403 1248 1444 esse·

84 1468 336 1511 substantiam
363 1482 443 1523 qua
471 1482 562 1510 cum
580 1498 594 1519 ‚
639 1469 828 1511 affinitate
864 1469 960 1520 sua,
1003 1470 1085 1512 hoc
1114 1485 1218 1525 oxy-.-

84 1540 275 1594 genium,
335 1539 424 1594 ipso
476 1553 562 1595 quo
606 1538 806 1582 formetur
854 1552 1068 1595 tempore,
1125 1543 1219 1597 jun-

85 1610 127 1664 gi
163 1620 313 1662 potest.
387 1610 565 1664 Oportet
596 1611 721 1666 igitur
746 1622 791 1652 ut
832 1613 874 1652 in
910 1612 1219 1666 atmosphaerae

78 1680 271 1734 ¹regiones
309 1680 530 1722 adducatur
563 1681 818 1732 superiores,
863 1674 977 1724 cum⁷
1003 1684 1214 1737 regiones,

86 1749 127 1788 in
152 1749 301 1802 quibus
330 1762 404 1798 nos
431 1752 637 1802 vivimus3
669 1752 835 1793 eandem
864 1753 1021 1806 semper
1061 1753 1218 1796 servent

84 1816 322 1859 relationem
346 1832 420 1874 gaz
449 1824 698 1877 oxygenium
725 1824 829 1864 inter
855 1837 902 1864 ac
933 1836 1008 1879 gaz
1036 1836 1215 1866 azotum.

142 1900 183 1939 4.
215 1887 494 1944 Principium.
1134 1887 1140 1910 ³

142 1956 360 2000 Materiam
390 1960 571 2005 fulminis
598 1974 640 2004 et
662 1963 833 2005 fluidum
857 1962 1095 2006 electricum
1111 1967 1218 2020 ejus⁴

85 2027 177 2069 dem
206 2028 290 2069 csse
319 2029 497 2082 indolis,
542 2032 717 2088 probant
760 2035 1033 2086 experimenta
1066 2035 1216 2078 Celeb.>

86 2094 387 2146 Franklin.
451 2089 503 2141 'In
540 2103 842 2157 atmosphaerae
887 2106 1123 2159 regionibus
1152 2107 1215 2148 su-

85 2167 314 2222 potioribus
358 2168 493 2212 adesse
530 2171 828 2230 hydrogenium
867 2185 908 2216 et
935 2179 1212 2232 exygeniima,

1101 2259 1214 2304 prm-
