1519 2729
0 2179 18 2282 tf·
52 2283 54 2286 ,

564 154 784 232 (49)

103 316 332 358 diversitate
350 314 527 368 ipsorum
559 315 806 369 liquidorum
824 318 856 364 ,’
881 314 1030 367 quibus
1055 316 1212 358 incunt*

105 387 229 436 bant,
275 397 314 425 et
353 399 375 425 a
415 385 566 426 diversa
593 385 804 435 affinitate,
847 398 962 437 quam
993 386 1090 426 ha‘ec
1121 399 1214 427 cum

106 455 186 496 inis
216 455 400 495 habeant.
468 454 543 495 His
577 456 742 508 positis,
788 455 1009 495 considerat
1048 469 1220 509 vapores

109 537 294 578 tanquam
312 525 535 565 constantes
553 538 601 566 ex
618 525 764 574 stratis,
781 525 832 564 .se
849 526 1022 566 invicem
1040 558 1053 576 ,
1085 526 1220 566 elasti-

109 597 230 636 citare
248 594 338 644 sua,
360 595 605 644 nitentibus,
637 594 687 635 ad
715 593 895 635 infimum
923 608 1049 648 usque
1066 627 1079 645 ,
1108 594 1221 648 quod

109 666 338 710 immediate
359 663 516 717 liquido
542 665 770 714 incumbit,
804 665 884 705 hoc
912 677 1044 705 autem
1061 665 1221 706 stratum

111 737 193 775 vim
227 734 430 774 elasticam
459 735 603 773 habere
632 735 752 774 debet
780 735 841 774 illi
868 735 1103 788 aequalem,
1146 747 1226 787 qua

112 803 311 856 liquidum
338 816 508 855 vapores
534 803 696 844 emittit.
765 804 964 845 Ponamus
993 806 1118 858 igitur
1143 805 1227 857 pri-

115 887 224 914 mum
238 872 408 913 adfuisse
432 886 574 925 aquam
600 886 761 925 puram,
794 874 819 914 fi
845 875 926 928 jam
957 874 1073 927 hujus
1101 886 1227 926 aquae

115 955 253 984 natura
280 944 335 982 ita
361 953 562 988 mutatur,
601 953 645 983 ut
686 944 770 996 ejus
809 945 932 985 tenfio
957 944 1226 991 diminuatur,

118 1024 282 1066 oportet
311 1023 354 1052 ut
389 1025 585 1064 vaporum
616 1012 798 1062 stratum,
829 1013 1042 1053 inmediate
1070 1012 1230 1066 liquido

117 1083 376 1130 incumbens,
409 1083 535 1136 magis
568 1084 859 1135 comprimatur
886 1082 1124 1123 elasticitate
1138 1082 1230 1123 stra-

118 1155 252 1194 torum
282 1152 529 1204 superiorum
549 1181 560 1200 ,
593 1165 710 1204 quam
733 1153 912 1193 elevetur
926 1152 1070 1206 liquidi
1089 1154 1234 1193 tenfio-

117 1236 198 1273 ne,
232 1224 520 1276 praecipitatur
552 1235 650 1276 ergo
680 1224 719 1262 in
750 1211 976 1277 liquorem,
1010 1225 1123 1278 cujus
1152 1223 1233 1264 affi-

119 1295 242 1334 nitate
270 1295 389 1333 etiam
417 1292 591 1346 liquefit.
655 1291 813 1333 Eodem
841 1294 964 1334 modo
994 1294 1238 1346 praecipita·

122 1377 185 1405 tur
213 1363 427 1404 secundum
456 1363 642 1412 stratum,
671 1363 803 1414 quod,
834 1356 1102 1415 primostrato
1124 1375 1238 1415 prae-

122 1435 313 1487 cipitato,
342 1433 552 1472 immediate
568 1432 725 1485 liquido
743 1434 965 1483 incumbit3
990 1445 1030 1473 et
1052 1435 1106 1473 ita
1122 1445 1237 1485 prae-

123 1505 311 1557 cipitatio
340 1503 555 1555 procedit,
588 1503 717 1542 donec
748 1502 964 1543 elasticitas
995 1504 1156 1557 vaporis
1178 1516 1238 1543 ra-

125 1574 267 1618 refacti
296 1573 510 1626 respondet
535 1574 706 1627 liquoris
732 1575 913 1614 tenfioni.

184 1644 243 1685 Ut
271 1644 414 1684 eodem
442 1644 566 1685 modo
608 1643 872 1697 procedamus
901 1657 947 1684 ac
979 1643 1047 1684 Cl.
1075 1644 1107 1684 B
1125 1646 1137 1684 i
1155 1657 1180 1684 o
1198 1655 1242 1693 t,

131 1713 250 1768 quem
278 1716 515 1767 praecipue,
546 1716 605 1756 uti
632 1715 882 1765 monuimus,
915 1713 1137 1767 sequimur,
1169 1726 1245 1754 no·

134 1785 197 1826 bis
224 1784 304 1837 jam
331 1784 526 1838 agendum
556 1796 616 1827 est

133 1934 138 1956 ἑ
178 1922 230 1964 ΙΙ.
262 1921 332 1964 De
368 1932 570 1978 vaporum
593 1924 804 1976 pondere,
842 1929 1142 1974 temperatura
1170 1926 1236 1965 et'

415 1992 621 2050 presfione
651 1991 960 2034 determinatis,

137 2151 145 2155 ·
199 2133 395 2188 Quamvis
424 2145 619 2186 vaporum
648 2133 806 2186 pondus
833 2134 962 2173 minus
991 2131 1041 2172 ad
1071 2144 1254 2172 nostrum

138 2203 311 2257 >scopum
341 2204 539 2256 pertinere
566 2203 773 2252 videatur,
805 2204 889 2257 ejus
916 2202 1100 2255 cognitio
1126 2212 1258 2241 tamen

140 2269 243 2315 >territi
270 2285 329 2318 est
345 2275 537 2315 momenti
555 2304 568 2325 ‚
599 2285 639 2317 et
667 2284 794 2314 nexus
825 2284 918 2314 cum
946 2270 1057 2322 illis,
1089 2270 1138 2314 de
1170 2271 1261 2325 qui·

681 2341 722 2386 D
1187 2340 1262 2385 bus
