1519 2729
558 175 784 236 (87)

123 313 277 365 ruisse,
318 314 385 356 sed
424 314 597 370 benigna
640 316 706 357 sua
731 327 825 357 cura
848 314 1101 369 complecti,
1145 328 1234 358 eos-

124 397 203 438 que
230 384 339 436 quafi
367 384 637 436 admonebat,
679 398 730 426 ne
771 387 915 427 iterum
944 385 993 426 ad
1030 384 1235 428 idolorum

124 453 278 494 cultum
306 453 624 506 prolaberentur.
683 454 830 511 Quid?
874 453 986 507 quod
1013 453 1236 509 deinceps,

127 535 220 563 cum
242 522 291 562 de
319 523 506 574 suorum,
538 525 607 577 qui
634 524 715 579 jam
742 522 1005 564 Palaestinam
1026 535 1236 574 tenerent,

125 591 249 632 salute
277 591 372 634 facti
406 593 535 634 essent
564 596 780 642 certiores,
811 593 947 646 plures
970 593 1034 634 vel
1062 594 1236 636 reditum

115 662 163 702 *in
189 663 356 714 patriam
386 663 675 718 susceperunt,
715 663 781 704 vel
815 662 927 704 festis
955 663 1097 704 diebus
1123 664 1239 705 undi-

124 743 203 784 que
232 743 507 774 convenerunt
531 733 581 774 ad
609 734 717 775 sacra
744 732 984 775 celebranda
1015 735 1056 774 in
1080 733 1240 786 ‘templo

124 799 498 853 Hierosolymitano
528 801 627 857 (a).
687 802 772 857 Qui
814 816 912 844 vero
953 803 1055 845 duce
1085 803 1241 844 Zerub-

125 869 269 910 babele
296 872 336 910 in
369 873 536 922 patriam
564 873 640 913 iter
677 872 960 923 instituebant,
1004 887 1027 914 a
1056 872 1152 914 Deo
1188 886 1240 915 ex

123 938 246 979 altera
283 941 388 992 quasi
430 942 624 995 Aegypto
653 941 811 982 liberati
855 943 1092 996 desertoque
1121 954 1239 995 erep-

124 1009 153 1049 ti
184 1006 285 1062 (b),
317 1009 482 1059 foedus,
529 1010 641 1064 quod
665 1022 798 1064 patres
822 1012 872 1052 ad
899 1023 1077 1052 montem
1108 1010 1240 1053 Sinai-

123 1080 248 1120 ticum
292 1081 557 1135 pepigerant,
600 1093 793 1122 renovare
834 1081 1084 1123 videbantur.
1152 1081 1240 1137 Qui

122 1159 255 1189 autem
296 1148 507 1202 pluribus,
553 1164 674 1204 quam
703 1162 864 1204 patres,
908 1152 1065 1192 divinae
1093 1154 1245 1205 po'ten-·

125 1219 202 1258 tiae
232 1217 490 1260 documentis
517 1232 560 1260 et
589 1219 808 1261 multorum
839 1221 1067 1262 seculorum
1104 1234 1242 1262 exem-

123 1287 202 1341 plis
229 1287 367 1329 edocti
396 1291 604 1344 regionem
632 1290 933 1332 Cana'aniticam
962 1292 1243 1346 ingredieban-

125 1355 217 1407 tur,
247 1357 361 1399 illine
375 1359 508 1401 denuo
524 1356 669 1401 'foedus
695 1360 924 1402 violarent?
954 1361 1011 1402 At
1030 1374 1152 1412 vero,
1169 1363 1241 1415 qui

123 1429 274 1482 patriae
305 1440 425 1483 atque
455 1432 585 1471 avitae
621 1429 831 1485 religionis
861 1442 941 1471 tam
982 1431 1142 1472 fervido
1166 1431 1241 1472 du-

123 1500 319 1540 cebantur
360 1513 528 1550 amore,
586 1500 797 1554 quomodo
844 1500 967 1540 iidem
1011 1502 1084 1554 ipfi
1126 1513 1247 1542 novo*

125 1568 274 1610 scelere
328 1569 408 1610 sese
458 1571 724 1611 contaminari
779 1581 1038 1624 paterentur3
1091 1570 1241 1624 quibus

125 1649 330 1692 praeterea
373 1639 570 1694 templum
610 1640 665 1681 ob
695 1640 967 1681 idololatriam
996 1641 1171 1682 dirutum
1200 1651 1242 1680 et

126 1710 286 1763 penitus
316 1709 519 1751 devastata
562 1720 666 1752 terra
707 1710 761 1752 ob
801 1710 947 1752 oculos
984 1711 1245 1753 versabamur

126 1791 327 1833 perpetuo
359 1777 468 1833 (c)?

1175 1847 1246 1893 Ne

171 1973 237 2019 (a)
263 1976 374 2016 Hess‚
397 1976 420 2010 1.
441 1977 462 2011 1.
491 1987 524 2019 p.
552 1985 630 2020 259.

172 2030 233 2076 (b)
268 2032 337 2065 Hac
380 2034 620 2076 comparatione
649 2032 795 2068 exsilium
824 2034 1058 2078 Babylonicum
1082 2040 1175 2067 antea
1201 2032 1241 2065 il-

128 2088 341 2120 lustraverant
386 2089 511 2124 Ezech.
541 2090 612 2123 XX:
645 2093 782 2135 33-38.
818 2091 912 2139 Jesaj.
945 2091 1068 2126 XLIII:
1101 2100 1241 2134 14-20·

124 2144 253 2191 Jerem.
271 2145 356 2178 XVI:
383 2155 443 2188 14,
471 2156 521 2188 15.

131 2193 135 2196 ’
174 2199 232 2248 (ς)
257 2201 344 2236 Ezra
369 2203 430 2236 111:
457 2213 525 2239 ιο·
543 2212 595 2246 13.
