1519 2729
593 160 798 220 (7)

133 302 331 356 minisque
357 301 625 358 gravissimis,
653 299 856 356 ⁴populum
889 298 940 341 ab
969 310 1106 341 errore
1132 295 1270 339 ab'duae

131 384 225 414 cere.
263 383 527 413 tentaverunt.
598 371 698 423 Post
737 370 919 414 exfiliurn
952 383 1052 411 vero
1078 365 1266 416 universe

129 441 253 482 nullis
273 441 357 483 fere
385 442 440 483 ufi
469 442 612 498 legatis
642 441 817 491 divinis,
854 453 930 483 nec
956 440 1074 481 novis
1100 436 1264 493 legibus

132 511 339 563 instructi,
382 512 506 553 nullis
549 511 754 554 miraculis
807 511 1031 552 commoti*
1059 506 1264 555 Hebraei,

132 581 297 635 plurimi
328 582 483 636 templo
515 584 723 637 patriaque
760 592 968 632 carentes,
1013 581 1119 620 inter
1146 582 1274 631 pere-2

132 653 266 708 gri'nas
309 665 451 708 gentes
492 653 656 707 disperii
697 664 739 694 et
768 651 1020 694 commercio
1054 660 1148 692 cum
1175 645 1266 687 aliis

133 723 300 777 populis
327 724 545 766 arctissime
570 723 809 779 conjuncti,
841 723 882 762 in
912 719 1054 761 mediis
1077 717 1268 774 gentibus

136 793 340 836 idolorum
370 793 499 835 cultui
527 795 700 845 deditis,
742 794 792 841 ab
823 777 988 833 illoruin
1016 789 1267 844 contagione

135 862 175 904 se
212 865 410 905 immunes
437 864 705 906 servaverunt.
777 863 911 904 Immo
938 873 1068 910 vero,
1112 869 1268 900 tantum

101 929 103 931 ’
135 935 241 975 inter
272 945 482 987 utramque
522 936 667 989 agendi
703 936 900 974 rationem
942 930 1161 972 intercedit
1188 928 1271 969 dis-

134 1004 318 1051 crimen,
349 1016 420 1053 ut,
453 1006 523 1057 qui
552 1013 644 1045 ante
672 1003 852 1045 exsilium
884 1002 1029 1060 sponte
1063 999 1157 1048 sua,
1199 1008 1272 1038 ne->

132 1075 240 1114 mine
268 1074 490 1124 invitante,
521 1075 670 1116 nedum
706 1085 911 1129 cogente,
939 1083 980 1112 et
1009 1069 1171 1126 legibus
1198 1080 1271 1109 co-

134 1145 254 1185 hibiti
285 1145 554 1199 gravisfiini5‚
589 1144 796 1186 idolorum
842 1143 996 1186 cultum
1033 1141 1143 1182 omni
1184 1138 1271 1180 fere

136 1227 320 1268 tempore
362 1215 531 1269 profesfi
574 1215 695 1264 sunt‚'
737 1227 910 1269 postea,
946 1212 1068 1254 nullis
1097 1209 1274 1263 amplius

135 1284 309 1325 adstricti
340 1285 528 1340 legibus,
561 1285 765 1339 nullisque
796 1286 942 1338 poenis
978 1286 1111 1336 neque
1151 1281 1273 1320 minis

135 1356 341 1402 cohibiti,
373 1367 413 1397 et
440 1357 544 1397 arbit
547 1358 609 1398 iio
639 1355 709 1397 suo
733 1355 896 1406 relicti,
941 1355 1068 1394 immo
1114 1349 1275 1390 invitati

135 1425 204 1479 fpe
239 1425 413 1478 ampliss
419 1439 577 1467 morum
622 1428 924 1479 piaemiorum,
968 1434 1008 1463 et
1037 1422 1148 1476 regia
1177 1433 1271 1461 auc-

135 1498 298 1538 to1itate
341 1499 505 1547 coacti⁷
550 1510 725 1539 nortem
761 1497 872 1550 prius
903 1494 1109 1543 obierint,
1153 1501 1274 1545 quam

136 1559 390 1608 idololatriac
417 1567 574 1609 macula
602 1568 640 1609 se
671 1567 782 1609 infici
811 1565 911 1619 passi
941 1565 1030 1606 fint.

147 1636 397 1691 Quisquis
423 1640 546 1693 igitur
571 1639 670 1680 haec
699 1639 834 1679 omnia
867 1637 942 1691 rite
986 1633 1276 1694 perpenderit,

134 1707 222 1762 jure
266 1708 505 1759 mirabitur,
552 1707 764 1750 Hebraeos
800 1719 893 1748 ante
931 1705 1114 1748 exsilium
1151 1702 1190 1744 se
1227 1701 1280 1742 acl

139 1777 345 1819 idolorum
401 1779 662 1833 pluriumque
714 1778 901 1820 Deorum
955 1775 1111 1818 cultum
1157 1773 1276 1814 valde

140 1847 392 1901 propensos,
451 1861 596 1903 postea
634 1861 768 1890 autem
816 1849 866 1888 ab
923 1859 973 1888 eo
1017 1835 1279 1887 vehementer

139 1918 294 1958 alienos
335 1920 570 1960 ostendisse.
661 1919 809 1974 Quid?
856 1917 882 1958 fi
928 1917 1093 1972 ingenio
1134 1925 1278 1955 nostro

141 1986 354 2030 Hebraeos
382 1989 504 2030 nobis
534 1989 687 2044 fingere
720 1989 890 2036 liceret,
923 1986 1053 2028 multo
1083 1984 1279 2038 probabi-

139 2058 218 2099 iius
270 2058 559 2110 statueremus,
592 2058 819 2100 Hebraeos
873 2068 966 2097 ante
1004 2055 1188 2096 exfilstun
1231 2053 1281 2094 ab

144 2128 350 2170 idolorum
383 2130 497 2171 cultu
524 2130 710 2176 alienosg
742 2139 884 2181 postea
910 2139 1010 2168 vero
1038 2126 1166 2180 patria
1183 2131 1284 2164 tcm-

141 2198 296 2253 ploque
331 2199 575 2251 destitutos,
616 2210 657 2241 et
682 2210 823 2255 gentes
859 2199 967 2240 inter
1006 2194 1285 2238 idololatricas

1193 2275 1282 2304 ver·
