1519 2729
719 175 942 234 (28)

232 349 233 353 ,
271 316 386 372 cuj-us
408 316 709 372 conjunctionis
725 316 970 370 productum
984 328 1111 371 vapor
1132 326 1192 358 est
1205 317 1390 371 aquosus.

327 387 453 431 mHi
478 400 950 441 vaporesvpermanentes
979 387 1078 429 fiunt
1119 389 1225 431 etin
1259 388 1394 438 aerem

268 455 636 511 atznosphaericum
678 469 881 499 mutantur
922 470 1002 511 ope
1036 457 1136 498 alius
1162 456 1275 498 fluidi
1316 458 1392 498 im-

265 526 571 579 ponderabilis,
598 538 687 580 quo¹
710 527 816 581 ignis
841 539 882 568 et
910 541 1012 582 aqua
1037 527 1275 582 junguntur.
1333 571 1337 575 ,

323 596 435 638 Haec
475 597 622 651 pofitio
666 597 1017 638 observationibus
1054 597 1193 637 nititur
1222 595 1391 651 Hygro-

265 668 475 717 metricis;
505 679 676 719 vapores
705 667 839 715 enim,
884 677 1022 707 monet
1051 665 1100 706 de
1131 664 1276 715 Luc,
1320 666 1392 719 qui

264 737 476 789 quotidie,
522 748 663 791 magna
699 738 819 776 etIam
863 737 1112 788 quantitate,
1157 736 1198 774 in
1240 745 1392 775 atmos-

262 805 412 859 phaera
443 805 718 854 adscendunt,
762 804 1080 859 I-Iygrometrum
1120 803 1278 845 tandem
1307 816 1391 846 non

260 887 456 926 movent,
509 888 600 917 cum
642 887 773 918 autem
816 873 898 915 illis
939 876 980 915 in
1017 874 1148 924 locis,
1194 874 1265 915 ubi
1297 886 1388 915 eva—

259 955 456 993 nescunt,
490 945 769 986 tantummodo
801 946 869 986 a'e'r
911 945 1163 994 invenietur,
1210 944 1392 998 sequitur

256 1013 369 1066 ipsos
409 1027 580 1068 vapores
617 1015 658 1053 in
697 1014 830 1063 ae'rem
869 1014 1216 1067 atmosphericum
1261 1024 1391 1055 muta-

259 1091 325 1122 tos
356 1082 453 1124 esse.
884 1067 889 1074 ⁴

317 1150 378 1191 Ut
421 1152 649 1205 explicetur
688 1165 771 1205 quo
809 1153 934 1194 modo
965 1154 1007 1194 hi
1036 1166 1207 1207 vapores
1234 1153 1391 1207 frigore

259 1232 301 1261 et
341 1221 544 1274 pressione
586 1223 626 1261 in
665 1222 863 1275 liquidum
902 1223 1042 1264 statum
1070 1224 1180 1264 abire
1209 1222 1389 1278 posfint,

259 1290 427 1332 fluidum
457 1291 777 1345 imponderabilis
798 1292 962 1333 assumit
979 1324 991 1342 ‚
1023 1306 1107 1346 qno
1137 1295 1192 1334 ita
1219 1305 1321 1345 aqua
1349 1301 1392 1331 et

255 1360 363 1414 ignis
408 1361 657 1416 junguntur,
710 1373 755 1402 ut
799 1375 873 1417 gaz
929 1364 1081 1403 oriatur
1115 1374 1385 1415 permanens,

255 1430 366 1471 nulla
395 1432 599 1485 presfione
629 1443 670 1472 er
699 1431 814 1472 nullo
844 1431 999 1486 frigore
1031 1433 1070 1472 in
1087 1432 1287 1485 liquidum
1301 1443 1389 1471 mu-

254 1501 449 1550 tandum,
495 1502 521 1542 fi
565 1513 698 1543 autem
728 1502 806 1542 alia
829 1500 896 1541 ¹de
939 1501 1054 1542 causa
1099 1503 1181 1543 hoc
1221 1501 1390 1542 fluidum

254 1569 482 1623 separatur,
527 1584 651 1624 aquae
694 1583 868 1625 vapores
898 1572 1217 1625 praecipitantur
1247 1569 1301 1612 ob
1329 1568 1388 1623 less

254 1651 345 1680 vem
375 1640 662 1694 particularum
694 1641 991 1682 cohaesionem.
1287 1646 1319 1664 Α

262 1745 266 1748 .
314 1709 506 1763 3.·Ponit
519 1712 638 1750 etiam
661 1723 802 1764 aquam
832 1713 1012 1752 omnium
1044 1723 1263 1765 corporum
1292 1723 1388 1766 gaz-

250 1779 443 1820 formium
469 1781 575 1821 bafin
603 1781 686 1821 esse
711 1780 1017 1836 ponderabilem
1034 1811 1047 1830 ‚
1077 1783 1136 1822 uti
1164 1783 1267 1836 ignis
1299 1793 1386 1822 om-

252 1852 364 1891 nium
390 1862 450 1891 est
481 1851 646 1892 fluidum
679 1844 875 1893 deferens.
937 1850 1221 1892 Differentiam
1257 1851 1387 1904 speci-

256 1920 375 1961 ficam
417 1921 708 1975 cujuscumque
750 1934 824 1977 gaz
866 1921 1036 1976 pofitam
1078 1921 1160 1961 esse
1200 1919 1299 1961 dicit
1343 1921 1384 1960 in

253 1989 407 2040 fluido,
446 2004 529 2043 quo
557 1990 685 2046 vapor
712 1991 886 2046 aquosus
912 1992 1148 2046 permanens
1176 1990 1382 2042 redditur,

251 2072 292 2100 ot
325 2061 362 2100 in
390 2074 528 2102 verum
558 2073 632 2117 gaz
661 2062 759 2103 abit.

258 2182 263 2189 ἱ
310 2143 348 2182 4.
382 2129 499 2184 Aqua
535 2144 585 2173 ex
628 2132 907 2190 atmosphaera
949 2132 1053 2174 redit
1080 2145 1154 2187 per
1178 2132 1280 2174 aeris
1309 2129 1379 2172 de-

251 2202 604 2255 compofitifflicm.

1242 2300 1252 2303 -
1280 2266 1376 2311 Hoc
