1519 2729
724 177 948 234 (92)

288 315 473 363 sacerdos
513 317 713 365 summus,
755 317 853 368 qui,
899 327 990 356 cum
1029 313 1162 354 nullus
1188 311 1291 354 esset‘
1317 324 1394 367 po-

286 390 374 444 puli
412 392 452 430 in
502 389 668 442 patriam
712 387 852 427 reverfi
892 396 988 439 post
1025 383 1394 429 Nehemiaelaeta·

287 460 368 500 tem
422 460 611 512 princeps
651 455 894 509 peculiaris,
944 456 984 494 in
1033 453 1151 494 rebus
1205 452 1395 493 civilibus

289 539 470 583 magnam
511 527 683 567 habebat
723 526 1017 577 auctoritatem.
1103 521 1230 576 Quod
1273 523 1396 577 igitur

288 598 557 652 pIurimorum
581 597 750 636 maxime
779 595 1008 649 principum
1046 594 1222 632 virorum
1259 604 1396 632 exem·

288 667 401 721 plum
428 666 615 720 religioni
639 677 786 720 magno
823 663 909 705 fieri
948 660 1144 715 potuisset
1182 660 1398 700 detrimen·

290 748 350 777 to.
421 734 477 775 At
520 748 619 776 vero
657 734 785 776 cultui
822 731 1012 773 Mosaieo
1039 729 1275 771 stabiliendo
1301 742 1398 784 pro·

288 805 368 846 fuit
409 804 510 846 iilud
551 805 704 859 1nagiS‚
747 815 866 856 quam
898 803 1054 842 nocuit.
1131 800 1257 842 Erant
1291 802 1399 842 enim

286 875 367 929 jam
422 887 474 914 eo
514 886 620 914 nunc
659 873 856 928 progresfi
898 870 1101 921 Hebraei,
1145 882 1218 920 ut,
1271 872 1297 913 fi
1332 868 1398 910 vel

288 944 474 985 nonnulli
514 943 564 984 ad
603 942 711 983 idola
753 941 880 983 relabi
909 940 1100 994 possent,
1142 940 1310 982 universi
1343 951 1424 980 ta-‘

288 1027 380 1054 men
421 1013 568 1067 populi
608 1014 810 1067 ingenium
837 1012 886 1051 ab
916 1011 964 1050 iis
993 1011 1242 1051 abhorreret.
1300 1009 1400 1065 Quo

286 1083 423 1136 plures
447 1084 601 1124 idcirco
634 1081 961 1130 inveniebantur,
1008 1081 1076 1133 qui
1104 1080 1272 1121 Graecis
1310 1092 1398 1120 mo-

285 1153 396 1193 ribus
425 1153 684 1192 vehementer
708 1150 1032 1199 delectarentur,
1073 1160 1194 1203 atque
1231 1161 1252 1188 a
1279 1148 1400 1191 sacris

282 1223 508 1276 peregrinis
556 1221 661 1262 haud
707 1231 955 1275 magnopere
1011 1219 1303 1268 abhorrerent,
1347 1231 1400 1259 eo

285 1293 413 1346 magis
458 1290 538 1331 sese
591 1291 761 1331 istorum
817 1288 1079 1343 opinionibus
1135 1289 1400 1342 opponebant

286 1361 382 1409 alii,
425 1373 558 1414 eoque
594 1360 816 1401 severiores
843 1359 923 1400 sese
952 1359 1215 1401 ostendebant
1239 1370 1332 1401 cum
1357 1360 1400 1399 in

286 1430 467 1471 tenendis
504 1429 697 1470 moribus-
725 1430 870 1480 avitis,
914 1441 997 1471 tum
1033 1430 1074 1470 in
1100 1428 1243 1471 tuenda
1277 1429 1399 1470 etiam

283 1500 482 1556 religione
514 1499 698 1540 Mosaica
722 1496 818 1552 (a),

341 1569 406 1610 Ac
432 1569 484 1610 fic
511 1568 672 1622 quidem
698 1571 919 1622 praeparati
947 1571 1072 1624 magis
1101 1571 1218 1610 etiam
1239 1569 1400 1611 fuerunt

283 1639 562 1680 Hebraeorum
577 1638 696 1678 animi
713 1668 725 1687 ,
748 1641 817 1691 qui
843 1639 1040 1680 Antiochi
1067 1652 1248 1693 tempore
1275 1640 1398 1681 maxi-

283 1710 358 1750 mis
395 1708 645 1750 idololatriae
687 1707 892 1750 illecebris
944 1710 1166 1751 resisterent
1197 1709 1398 1751 audacter.

284 1779 464 1828 Etenim,
480 1779 660 1831 quamvis
676 1777 805 1820 essent
817 1792 868 1819 eo
886 1791 1067 1833 tempore
1084 1780 1132 1820 de
1146 1780 1398 1834 principibus

282 1852 402 1890 etiam
427 1850 522 1889 viris
553 1850 593 1888 in
617 1847 790 1901 Judaea‚
819 1851 887 1903 qui
904 1850 1153 1891 Graecorum
1168 1862 1325 1890 morum
1339 1849 1398 1890 le-

259 1961 261 1963 ,
283 1922 446 1962 vitatem
475 1919 613 1961 sectati
640 1930 680 1960 et
707 1919 912 1975 dignitatis
936 1932 1054 1974 atque
1077 1920 1244 1961 honoris
1257 1918 1397 1960 illece-

1311 1990 1395 2032 bris

327 2087 392 2134 (a)
415 2090 515 2124 conf.
543 2092 676 2125 omnino
700 2089 917 2134 Muntinghe,
942 2091 1001 2125 1.1.
1016 2091 1057 2124 T.
1071 2091 1163 2124 VIII.
1177 2101 1211 2133 p.
1225 2101 1395 2134 200-2o4‚

283 2149 342 2190 qui
379 2148 410 2180 in
451 2147 512 2180 hac
551 2149 736 2191 opinionum
766 2148 952 2182 diversitate
989 2148 1050 2190 jam
1077 2148 1215 2191 vestigia
1249 2147 1394 2191 agnoscit

282 2204 395 2238 fectae
430 2203 689 2239 Sadducaeorum
725 2214 760 2239 et
798 2205 1049 2240 Pharisaeorum.
