1519 2729
646 120 898 177 (58)

246 270 279 307 ‚3¹
305 254 384 296 Eas
411 255 608 311 (taenias)
638 259 744 299 enim
773 260 812 299 in
842 272 996 312 puero,
1040 257 1132 297 dum
1161 253 1288 296 adhuc
1317 256 1359 295 in

245 352 275 376 „
303 337 417 366 utero
458 339 545 375 est,
603 330 714 382 gigni
754 328 941 378 assero'’‚
997 338 1037 368 et
1084 325 1175 365 dein
1217 332 1247 376 η’
1274 323 1360 364 Ubi

248 417 276 444 9,
307 397 419 446 pueri
450 397 488 435 in
515 397 647 438 lucem
677 398 763 439 sunt
791 399 915 448 editi,
962 399 1008 438 iis
1051 394 1234 435 mulieres
1262 392 1359 433 haec

244 486 273 514 ς,
303 464 614 514 medicamenta,
647 467 741 507 cibo
780 470 819 507 in
850 479 894 507 os
935 467 1128 513 induem,
1159 462 1359 510 offerunt,

242 533 273 584 ᾗ,
300 544 344 574 ut
370 533 515 576 stercus
544 549 593 576 ex
621 536 810 576 intestino
839 547 980 583 exeat,
1023 545 1063 573 et
1090 534 1252 572 minime
1293 531 1359 571 ad-

242 625 272 653 ,·‚
302 602 483 651 duretur,
543 603 732 654 fimulque
783 617 827 645 ut
852 616 857 621 “
882 605 1112 644 intestinum
1160 600 1359 641 dilatetur.

242 699 272 723 „
301 670 398 724 Quo
441 674 562 720 cibo,
609 674 647 711 in
692 684 737 711 os
770 674 923 723 indito,
955 672 1070 713 multi
1099 671 1186 710 sane
1216 670 1360 722 pueri,

242 769 271 790 „
301 752 382 780 tum
433 732 656 789 ro'tundOS,
717 752 799 782 tum
843 741 945 782 latos
989 741 1241 787 lumbricos,
1285 750 1363 780 una

242 837 270 859 ‚,
300 822 390 849 cum
435 811 567 864 primo
606 811 776 851 stercore
821 824 892 863 per
917 809 1048 851 alvum
1079 807 1361 850 demiserunt.”

240 877 536 920 Posterioribus
567 880 815 933 temporibus
845 880 924 920 hoc
968 881 1086 920 etiam
1130 879 1246 920 multi
1287 877 1361 917 ob-

244 948 496 989 servaverunt
525 949 700 990 Naturae
729 950 995 997 scrutatores,
1041 950 1098 990 fic'
1122 946 1360 988 Brende-

241 1016 382 1066 lius,
413 1028 452 1057 et
479 1016 726 1059 Dolaeus
754 1019 794 1058 in
822 1020 994 1060 humano
1025 1018 1165 1066 foetu,
1206 1016 1359 1059 Hart-

241 1099 463 1131 mannus
517 1089 555 1127 in
602 1090 767 1136 ovium,
822 1100 863 1128 et
903 1083 1264 1129 Valisneri‘us
1319 1083 1358 1128 in

239 1155 457 1196 vitulorum
484 1156 597 1199 foetu
626 1170 780 1198 vermes
820 1158 1185 1211 depreheiitie1*1111tJ‚
1211 1157 1359 1211 aliique

240 1224 374 1277 plures
404 1225 425 1276 ζ
436 1222 495 1275 1).
1136 1234 1139 1236 ’

252 1310 253 1313 “
297 1293 439 1334 Vllum.
472 1293 647 1336 Tandem
686 1297 906 1350 quomodo!
939 1297 1013 1337 hae
1048 1298 1203 1338 ratione
1228 1296 1358 1338 Ento-

240 1366 409 1404 zoorum
438 1365 554 1417 origo
589 1365 781 1417 explicari
810 1367 961 1419 posiit,
993 1368 1032 1406 in
1063 1367 1230 1420 hepate,
1262 1367 1359 1408 duc-

239 1444 280 1472 tu
313 1435 449 1473 ovatio
467 1463 479 1481 ,
510 1433 678 1485 aliisque
705 1435 807 1475 bene
835 1435 970 1476 multis
995 1439 1179 1489 corporis
1221 1438 1357 1478 huma-

237 1503 277 1542 ni
303 1503 481 1554 partibus
510 1503 776 1546 inventorum.
839 1503 923 1544 Hae
968 1507 1074 1545 enim
1103 1518 1235 1558 partes
1265 1518 1357 1547 cum

237 1573 326 1612 aeire
355 1583 521 1612 externo
549 1574 959 1616 communicationem
981 1586 1062 1613 non
1091 1573 1214 1615 alunt.

673 1712 697 1763 §
728 1700 881 1753 XLIII.

249 1876 254 1879 -
290 1847 378 1890 Hac
437 1851 625 1891 sententia
677 1864 699 1891 a
745 1851 950 1903 nonnullis
1006 1853 1180 1906 rejecta,
1240 1851 1355 1893 aliam

232 1921 445 1972 proposuit
487 1919 842 1971 meminens,
888 1933 927 1962 et
979 1934 1073 1974 post
1110 1934 1200 1961 eum
1240 1921 1355 1962 multi

232 1988 297 2027 alii
339 1989 612 2030 assumserunt.
702 1990 870 2031 Scilicet
917 1993 1049 2031 onmia
1098 2003 1354 2044 posterorum

231 2057 452 2099 rudimenta
478 2058 634 2099 Patrem
660 2070 725 2100 aut
750 2061 924 2101 Matrem
943 2091 955 2111 ‚
1001 2061 1037 2101 A
1053 2062 1202 2102 damu
1219 2074 1256 2100 m
1287 2072 1355 2101 aut

1188 2129 1352 2170 Evam

274 2203 337 2249 (1)
362 2206 459 2239 Conf.
484 2206 511 2238 B
526 2207 535 2238 l
553 2217 573 2238 ο
589 2216 607 2239 c
623 2207 641 2238 l]
658 2207 683 2238 ’s
706 2208 941 2251 Abhandlung,
965 2218 1033 2250 pag.
1069 2217 1119 2251 37.

1455 2120 1471 2134 ss
