1519 2729
604 172 824 230 (59)

189 322 349 355 naturae
385 311 542 354 Auctor
581 325 656 353 nos
699 312 875 368 fingulos
912 323 953 353 et
993 310 1175 353 infirmos
1203 311 1315 359 esse,

188 392 230 421 et
273 380 482 422 multarum
523 395 656 423 rerum
698 382 748 422 ad
787 383 909 422 vitam
945 392 1055 421 recte
1094 379 1316 421 ducendam

187 463 374 505 egentes,
405 465 489 506 quo
516 454 643 507 magis
672 451 723 492 ad
751 442 961 492 colendam
993 449 1226 491 societatem
1257 462 1318 490 ra-

187 533 376 574 peremur
404 519 497 574 (1).
528 547 572 557 -
602 521 714 563 Haec
741 534 838 563 vero
868 523 920 562 ita
950 520 1126 562 fortasfis
1155 519 1316 569 essent,

187 592 370 644 quamvis
399 590 584 641 daretur,
620 591 755 635 Deum
794 605 874 633 non
905 591 1003 631 esse.
1034 613 1079 621 -
1109 589 1189 631 Sed
1222 602 1317 631 cum

188 659 277 700 talis
303 672 345 700 re
373 672 466 700 vera
485 660 610 711 adfit,
643 662 849 716 sequitur,
879 663 959 716 jam
988 661 1060 716 ipsi
1105 659 1229 709 Deo,
1272 670 1318 701 ut

186 728 357 781 opifici,
388 740 429 769 et
467 731 534 770 cui
561 741 636 771 nos
664 744 883 786 nostraque
908 732 1041 772 omnia
1066 729 1322 778 debeamusf

186 798 265 840 fine
294 801 538 852 exceptione
560 804 780 853 parendum
801 802 928 857 *nobis
958 800 1041 842 esse
1070 797 1164 854 (α).
1224 798 1315 839 Ali-

183 881 247 908 am
277 870 401 923 igitur
429 869 497 910 hie
525 861 726 914 cernimu's
752 872 858 927 Juris
882 872 1079 926 originem
1097 899 1110 920 ,
1155 880 1316 923 praeter

181 937 402 979 naturalem
430 937 555 979 illam.
585 960 630 968 —
660 942 795 996 Ipsum
825 943 950 995 igitur
993 939 1095 981 illud
1132 937 1313 980 naturale

178 1007 281 1062 Jus,
312 1009 389 1049 five
418 1008 521 1051 illud
546 1009 696 1052 sociale
713 1043 726 1062 ‚
758 1013 836 1053 five
864 1010 975 1063 quod
999 1009 1128 1050 laxius
1168 1011 1223 1049 ita
1251 1007 1312 1048 di-

181 1079 314 1129 citur‚
345 1091 586 1133 quamquam
615 1094 664 1123 ex
694 1082 908 1136 principiis
946 1079 1103 1121 homini
1142 1079 1313 1118 internis

180 1149 374 1202 profluit,
411 1149 515 1207 *Deo
558 1164 689 1193 tamen
729 1151 902 1193 adscribi
951 1151 1097 1191 merito
1142 1159 1311 1202 potest,

181 1219 304 1272 quia,
335 1231 379 1260 ut
407 1219 500 1260 talia
524 1223 728 1276 principia
753 1223 794 1261 in
823 1220 943 1266 nobis
957 1221 1196 1267 existerent,
1225 1217 1312 1272 ipse

181 1288 313 1330 voluit
331 1287 425 1344 (3).
457 1310 500 1319 —
530 1289 587 1331 Et
615 1291 733 1345 hujus
761 1291 923 1344 quidem
958 1289 1126 1343 originis
1155 1289 1312 1329 ratione

180 1359 326 1402 laxius
346 1361 447 1402 illud
468 1359 539 1415 Jus
564 1373 615 1400 ex
641 1361 785 1401 eodem
811 1361 926 1402 fonte
956 1370 1114 1409 manat,
1145 1371 1228 1412 quo
1240 1358 1313 1413 Jus

179 1428 314 1470 stricte
341 1430 394 1472 fic
423 1430 595 1472 dictum.
627 1452 670 1462 —
700 1429 862 1471 Etenim
886 1442 969 1470 non
999 1439 1150 1469 tantum
1177 1428 1312 1468 homi-

135 1526 137 1528 -
178 1500 221 1541 ni
263 1501 366 1541 inest
405 1501 464 1546 vis
508 1500 578 1541 illa
618 1499 807 1550 socialis,
851 1499 918 1540 sed
955 1510 995 1539 et
1035 1498 1233 1559 judiciuin
1260 1496 1312 1537 ad

180 1570 447 1621 aestimanda,
493 1584 594 1625 quae
637 1569 840 1611 delectant
880 1581 948 1610 aut
988 1578 1167 1618 nocent,
1224 1579 1309 1607 non

182 1640 400 1692 praesentia
429 1653 611 1690 tantum,
655 1641 723 1682 scd
764 1651 805 1680 et
848 1639 1008 1688 futura,
1053 1648 1223 1689 ecquae
1267 1638 1308 1676 in

181 1712 374 1750 utrumvis
402 1711 569 1764 possunt
594 1711 772 1760 ducere3
817 1722 892 1762 pro
921 1707 1082 1749 humani
1122 1706 1306 1746 intellec-

184 1789 246 1821 tus
288 1781 411 1823 modo
453 1775 572 1823 eti-ain
602 1783 643 1822 iu
671 1781 734 1822 his
758 1780 956 1836 judicium
986 1788 1096 1819 reete
1137 1776 1306 1819 confor-

1222 1858 1305 1887 ma-

225 1974 289 2021 (ι)
312 1978 396 2011 Prol.
422 1979 472 2013 16.

223 2032 287 2078 (2)
313 2033 395 2068 lbid.
423 2044 473 2069 Η.

224 2088 288 2134 (3)
313 2092 365 2124 De
385 2091 465 2136 Jurc
494 2089 606 2124 divino
634 2093 819 2126 voluntario
847 2089 927 2134 qnid
954 2089 1087 2125 senserit
1116 2088 1306 2122 Grotius

180 2146 247 2182 vid.
277 2149 302 2183 Ι.
335 2158 363 2181 1.
385 2148 455 2182 XV.
515 2150 615 2185 Conf.
650 2150 682 2186 S.
720 2149 776 2184 de
812 2147 1032 2187 Cocceii,
1055 2144 1142 2189 Disst
1164 2147 1306 2183 Psoiiem.

176 2205 241 2244 111.
270 2204 394 2240 Grot.
416 2205 502 2241 Prol.
531 2215 580 2241 120
