1519 2729
730 160 759 218 (
816 163 875 206 66
930 161 957 217 )

275 297 446 340 debetur
473 299 673 341 commisfi
703 300 932 340 certaminis
961 298 1075 349 laus,'
1105 308 1168 339 est
1206 301 1407 352 omninoj

275 379 325 421 de
363 393 448 434 quo
475 380 674 436 gaudeas!
722 381 1016 423 Gratulandum
1046 383 1154 422 enim
1180 385 1226 423 et'
1251 382 1327 422 tibi
1348 384 1410 423 'est

273 474 316 504 et
357 474 446 505 tuae
488 463 761 514 Academiae,
808 464 922 519 quod
962 464 1121 506 strenuo
1161 474 1204 504 et
1233 465 1410 515 'vincere

274 545 397 587 solito
439 546 599 588 aemulo
641 545 858 589 victoriam
898 545 1084 588 nonnihil
1126 546 1290 588 dubiam
1319 546 1409 588 red-

271 628 424 671 didisti.
497 629 626 684 Cujus
668 631 908 672 meritisfimi
952 630 1119 672 honoris
1161 630 1304 684 accipe
1335 629 1408 670 do·

272 722 533 761 cumentum,
576 712 689 766 quod
727 712 1016 767 qualicumque
1057 711 1184 754 modo
1224 711 1301 753 tibi
1324 712 1409 754 vic·

273 794 401 835 toriae
426 794 624 849 Jacturam
654 794 919 849 compenset!

328 959 442 1003 Haec
472 962 645 1016 denique
672 973 755 1021 erat
786 963 973 1016 quaestio
996 975 1024 1002 a.
1044 960 1308 1004 Medicorum
1326 959 1406 1020 Or-

270 1043 363 1084 dine
392 1045 625 1098 proposita:
658 1044 875 1096 Entozoa‚
908 1058 1040 1100 quae,
1072 1043 1314 1086 docentibus
1343 1043 1410 1085 ob-

265 1123 586 1180 servationibus
622 1126 889 1168 Medicorum
929 1136 970 1169 et
1011 1125 1320 1181 ZooIogwum,
1365 1126 1412 1167 in

241 1207 471 1262 ‘humanis
509 1209 753 1263 corporibus
796 1208 1002 1251 hactenus
1037 1209 1083 1251 in
1125 1207 1276 1263 Belgio
1311 1205 1410 1262 fue-

267 1301 376 1333 runt
417 1299 623 1345 repertu,
667 1301 972 1333 enumerentur
1015 1301 1057 1332 et
1097 1291 1160 1334 ad
1177 1303 1343 1347 genera
1369 1300 1411 1332 et

261 1371 422 1429 species
453 1387 482 1416 a
510 1372 786 1417 Remmiam
809 1383 851 1415 et
878 1372 1132 1416 BREMSERO
1155 1372 1410 1429 constituta,

269 1455 556 1511 referuntur:
598 1466 648 1498 ut
689 1457 956 1512 exquiratur
989 1455 1211 1511 deinceps,
1259 1455 1410 1511 quibus

270 1540 462 1582 maxime
491 1538 673 1593 caussis,
705 1553 799 1581 cum
823 1539 1016 1581 externis
1033 1569 1046 1589 ‚
1077 1548 1168 1580 tum
1199 1539 1409 1588 internis,

270 1624 444 1665 illorum
484 1631 717 1676 proventus
769 1620 827 1676 sit
880 1621 1163 1672 tribuendus,
1221 1628 1411 1676 quaeque

262 1706 500 1762 praecipue
541 1705 781 1746 morborum
815 1701 1107 1760 symptomata
1161 1704 1217 1746 ub
1261 1703 1411 1745 iisdem

264 1787 447 1844 fuerint·
473 1788 701 1842 producta.
745 1812 792 1823 —
827 1785 923 1842 Qua
952 1787 1190 1840 quaestione
1218 1786 1259 1827 id
1289 1798 1410 1839 quam

273 1873 447 1912 maxime
483 1869 670 1910 voluerat
710 1869 855 1920 Ordo,
902 1880 946 1910 ut
985 1882 1035 1910 ex
1077 1869 1409 1911 observatoribus

273 1953 520 1994 nostratibus
573 1951 713 1994 sedulo
765 1954 1071 2007 exquirerentur
1125 1950 1315 2008 Entozoa
1367 1952 1408 1991 in
1467 1989 1475 1994 ,

273 2036 422 2090 Belgio
466 2034 714 2088 frequentius
759 2035 910 2085 obvia,
957 2046 1084 2088 eaque
1121 2033 1172 2074 ad
1200 2045 1346 2088 genera
1367 2044 1407 2073 et

273 2118 428 2172 species
456 2118 730 2158 recentiorum
760 2117 1076 2172 Zoologorum‚
1122 2116 1298 2157 breviter
1323 2127 1406 2158 tan-

276 2212 362 2244 tum
403 2200 644 2251 indicanda,
688 2199 994 2256 redigerentur:
1038 2211 1170 2253 neque
1198 2199 1301 2242 adeo
1326 2211 1407 2239 vo-

1319 2280 1407 2323 lue-
