1519 2729
552 142 578 198 (
635 156 687 198 55
746 139 772 196 )

574 281 605 333 §i
629 279 761 321 XLII.

162 421 291 461 Aliam
321 421 441 474 igitur
464 418 758 474 proposuerunt
786 420 1043 468 sententiam,
1086 428 1218 470 neque

107 500 235 529 tamen
278 489 461 530 validam.
550 488 753 529 Concessa
782 491 973 543 opinione
990 519 1002 537 ‚
1045 488 1220 528 viventia

104 571 178 612 per
205 558 429 612 epigenefiu
467 558 565 597 oriri
591 556 773 599 animalia
800 556 925 612 (quae
954 558 1033 598 illis
1063 569 1219 610 tempo-

105 628 213 668 ribus
240 627 277 668 H
293 641 416 668 arva
431 640 451 668 e
466 630 477 668 i
491 639 550 667 an
564 640 585 667 a
607 627 927 668 exclamatione:
951 639 1063 666 omne
1079 627 1222 665 vivum

106 711 159 738 ex
182 711 249 738 ovo
267 713 294 747 ,’
327 711 453 751 aeque
471 707 619 750 'parum
648 695 1026 738 hominibus-fallax
1058 695 1220 735 videba-

107 778 199 815 tur,
217 762 349 820 'quam
378 766 758 808 Mathematicorum
786 765 1091 807 demonstratum
1108 764 1222 804 theo-

105 834 270 887 rema),
294 851 298 857 ·
318 836 435 876 ovula
478 836 699 877 assumsere
735 848 881 888 parva,
906 860 907 863 =
927 835 966 874 in
999 835 1088 874 aere
1117 832 1221 873 voli-

106 906 227 945 tantia
240 933 252 952 .,
310 917 382 958 per
423 905 457 946 L
474 918 495 945 e
511 918 531 945 e
545 919 570 946 u
587 918 626 945 W
641 917 661 943 e
675 917 700 944 n
717 905 742 944 h
759 918 784 944 o
800 917 820 943 e
837 905 862 944 k
878 905 918 943 ii
969 902 1223 954 aliorumque

105 974 381 1027 microscopio
425 974 617 1015 institutas
660 973 956 1014 observationes
993 972 1225 1025 ubicunque

107 1043 292 1085 locorum
321 1044 506 1093 detecta,
545 1045 649 1097 quae'
673 1043 860 1083 omnibus
888 1042 1129 1094 corporibus
1168 1040 1226 1080 se-

108 1114 144 1154 se
186 1114 467 1166 imponerent,
513 1126 552 1154 et
588 1115 642 1154 ita
680 1112 783 1154 cibis
815 1112 1062 1165 potibusque
1103 1111 1227 1150 mixta

107 1195 256 1235 corpus
286 1184 474 1223 intrarent
502 1194 541 1223 et
565 1195 718 1223 vermes
743 1183 800 1223 ibi
840 1182 1138 1235 producerent,
1181 1190 1228 1219 ut

107 1263 149 1291 et
190 1251 266 1291 alia
304 1253 540 1293 animalcula
579 1253 797 1302 infusoria,
850 1251 937 1291 aliis
976 1262 1121 1303 nempe
1154 1248 1225 1290 sub

108 1334 239 1361 rerum
264 1322 579 1362 circumstantiis.
628 1321 824 1375 .,Asseclae
850 1321 969 1374 hujus
1011 1319 1226 1360 sententiae

109 1393 304 1444 imprimis
332 1392 442 1432 fuere
467 1392 543 1432 An
563 1393 659 1443 dry
685 1403 726 1431 et
754 1389 941 1430 Pallas
962 1386 1056 1442 (ι).

167 1460 322 1501 Contra
352 1462 451 1501 hanc
483 1462 715 1514 opinionem
743 1460 945 1512 sequentia
967 1458 1065 1498 mihi
1092 1457 1229 1499 viden-

110 1542 174 1572 tur
195 1531 327 1571 dubia.
734 1516 738 1520 ⁴

168 1601 250 1642 lum.
282 1601 317 1642 L
334 1614 354 1640 e
371 1614 392 1640 e
405 1615 431 1641 u
445 1614 485 1641 w
499 1613 518 1640 e
533 1614 558 1640 n
573 1602 598 1640 h
614 1612 638 1639 0
653 1612 673 1638 e
687 1600 712 1638 k
727 1600 738 1637 i
754 1600 765 1638 i
781 1597 1078 1638 observationes
1093 1607 1228 1648 quam-

111 1686 230 1726 quam
258 1683 403 1725 negare
432 1670 677 1719 mussamus‚
720 1669 763 1708 rid
805 1679 935 1708 tamen
971 1665 1109 1706 afferre
1133 1664 1231 1704 lice-

112 1755 179 1792 at,
213 1740 326 1782 illum
356 1728 626 1792 maiimopere
640 1737 797 1796 auxisse
821 1734 1154 1789 corpusculorum
1181 1733 1231 1773 il-

1169 1803 1231 1843 lo-

114 1888 209 1923 Patlr.
238 1887 439 1931 paragraphis
463 1896 499 1929 51
521 1912 531 1926 ,
554 1895 595 1928 52
622 1893 656 1918 et
678 1885 755 1927 586.
813 1884 912 1918 Conf.
940 1883 977 1916 de
1000 1881 1058 1915 hac
1071 1879 1234 1922 fhntentia

116 1956 192 1979 van
219 1945 440 1983 Phelsum,
464 1953 524 1987 pag
567 1943 666 1986 67.1.
691 1952 721 1976 e.

161 1999 223 2044 (ι)
249 2001 346 2034 Cous.
373 2000 415 2033 H.
440 2000 480 2034 C.
512 1999 552 2032 L.
579 2000 638 2032 Lu
654 1997 674 2031 d
690 2008 708 2031 e
725 2007 740 2030 r
756 1998 828 2032 sse
844 2007 886 2037 n,
911 1994 1138 2037 thandeling
1165 2005 1238 2027 over

114 2058 152 2091 de
180 2058 366 2099 vom-treling
380 2057 437 2089 der
457 2056 580 2094 (lieren,
604 2058 636 2088 in
656 2055 693 2088 de
711 2053 974 2095 Verbandelingen
1005 2052 1061 2085 det·
1087 2051 1238 2084 Holland-

110 2112 183 2156 salse
211 2111 450 2157 Mantstv'ufflpsj
477 2112 533 2144 der
560 2110 820 2155 IVetenshlmppen
841 2118 874 2144 te
885 2110 1058 2148 Haarlem,
1080 2106 1128 2151 7⁶⁸
1152 2107 1238 2141 Deel

121 2165 166 2203 ιη*
191 2169 291 2209 Stuk,
318 2169 412 2212 1814.
435 2177 508 2211 pag.
525 2168 578 2203 82.
