1519 2729
709 153 931 210 (44)

216 302 220 303 ’
263 295 345 336 non
373 305 503 336 tamen
531 292 674 334 eodem
697 306 862 347 quoque
892 295 1024 337 cultus
1058 293 1182 349 gradu
1224 292 1376 343 mans&

261 375 364 405 runt.
396 376 535 420 gentes
577 365 762 411 vicinae,
807 377 858 406 ex
898 379 981 419 quo
1023 376 1206 418 tempore
1229 375 1375 406 terram

261 422 562 475 Canaaniticam
612 433 882 488 ingredientes
935 435 1107 476 vidimus
1160 433 1374 475 Israelita&

260 500 489 543 Phoenices
527 504 661 552 enim,
701 516 872 556 quorum
914 504 1122 547 consortio
1164 514 1209 544 ut
1248 503 1405 557 pluri-⁴

261 583 371 612 mum
410 572 651 622 utebantur,
683 573 722 612 in
753 574 904 615 artibus
943 573 1289 628 elegantioribus,
1334 575 1376 613 in

238 641 531 689 ,architectura
569 653 609 682 et
646 654 689 682 re
720 642 901 685 statuaria
927 644 1050 699 longe
1078 644 1159 684 hoc
1190 654 1376 696 tempore

258 715 372 760 §rant
403 712 720 764 praestantiores.
781 713 867 768 Qui
898 727 995 754 vero
1023 725 1138 753 antea
1175 714 1216 753 in
1254 713 1376 764 sylvis

259 780 453 822 sacrificia
466 781 560 822 Diis
588 781 817 823 obtulerant
835 815 847 834 ,
878 795 918 823 et
946 784 1017 836 ipfiv
1045 782 1126 837 jam
1144 781 1236 823 suos
1257 781 1380 823 Deos

257 851 299 890 in
345 850 509 908 templis,
551 851 768 900 colebant,
815 863 856 893 et
897 851 1106 893 Salomoni
1149 855 1189 894 in
1218 853 1375 907 templo

255 919 433 974 jehovae
459 921 696 962 exstruendo
726 922 887 963 fuerunt
924 922 1119 964 auxiliati.
1192 923 1259 965 Ab
1289 924 1372 964 hoc

255 978 392 1043 itaque
441 992 631 1045 populo,
687 1005 824 1045 quem·
860 994 1030 1034 maxime
1077 992 1375 1034 admirabantur

256 1057 463 1110 Hebraei,
494 1074 578 1113 quo
604 1072 714 1100 erant
741 1062 922 1103 imitandi
952 1061 1108 1111 studio,
1146 1075 1230 1103 non
1253 1074 1373 1116 pote-

254 1140 342 1169 rant
370 1142 452 1170 non
482 1130 607 1171 multa
632 1130 830 1173 assumere
848 1163 862 1183 ‚
903 1144 943 1172 et
976 1134 1016 1172 in
1046 1134 1216 1173 caeteris
1250 1131 1372 1172 rebus

252 1211 294 1240 et
320 1201 361 1240 in
389 1200 539 1251 sacris3
583 1213 808 1255 eorumque
840 1201 1030 1256 exemplo
1056 1201 1178 1243 facile
1203 1201 1242 1242 se
1271 1213 1371 1242 con-

250 1270 462 1311 vertebant
497 1270 548 1314 ad
587 1269 696 1310 idola
721 1270 892 1312 colenda
909 1303 921 1323 ‚
951 1284 1052 1325 quae
1081 1272 1147 1312 sua
1173 1271 1373 1326 elegantia

250 1351 294 1378 et
321 1351 404 1380 arte
431 1339 469 1380 se
499 1341 827 1381 commendarent
845 1340 941 1394 (a).
1003 1331 1209 1396 Quantum
1235 1352 1370 1382 autem

250 1407 436 1461 Assyrii,
468 1409 686 1459 Chaldaei,
719 1411 917 1462 imprimis
939 1411 1134 1466 Aegyptii
1164 1411 1245 1452 hbe
1268 1422 1369 1451 tem-

249 1491 353 1532 pore
379 1479 492 1520 cultu
517 1479 810 1533 praestiterint,
843 1479 934 1520 satis
963 1482 1066 1522 inter
1099 1466 1240 1522 omnes
1269 1492 1368 1521 con-

247 1548 319 1589 stat
345 1547 439 1603 (b).

304 1618 419 1661 Haec
447 1634 539 1661 cum
556 1619 950 1662 essetHebraeorum
973 1620 1130 1661 indoles
1146 1650 1159 1670 ‚
1191 1633 1368 1673 cumque

249 1701 356 1730 tanta
383 1690 542 1731 aliunde
571 1692 809 1732 accederent
837 1693 1118 1739 incitamenta,
1163 1690 1263 1744 quid
1289 1692 1364 1731 mi-

246 1773 333 1801 rum
350 1790 362 1809 ‚
391 1760 484 1802 illos
500 1791 513 1810 ‚
546 1762 711 1814 optimis
727 1763 911 1815 quamvis
937 1760 1098 1816 legibus
1123 1760 1364 1811 instructos,

244 1829 447 1870 idolorum
479 1829 735 1884 pluriumque
765 1831 952 1873 Deorum
981 1830 1110 1873 cultui
1146 1829 1364 1872 adhaefisse

243 1900 293 1940 ad
324 1899 505 1941 exsilium
530 1912 656 1954 usque
686 1900 1021 1954 Babylonicum?

288 1972 472 2044 <astent
507 2001 625 2035 xL1V:
663 2004 784 2044 9-18.
845 2004 946 2037 Conf.
974 2002 1029 2038 ci.
1061 2002 1209 2042 Parem,
1246 2001 1362 2045 Antiq.

243 2056 351 2090 Hebr.
376 2066 447 2098 pag.
475 2068 560 2102 424,
583 2068 661 2101 425.
1353 2100 1356 2105 Ι

287 2111 349 2156 (b)
373 2113 474 2148 Conf.
498 2114 695 2158 Muntinghe
711 2140 722 2156 ,
761 2115 783 2148 l.
809 2116 831 2149 l.
855 2116 951 2151 Tom.
979 2115 1053 2150 VII.
1075 2123 1149 2158 pag.
1171 2123 1360 2159 299-303,

243 2179 305 2214 317
324 2189 336 2195 ·
352 2178 429 2212 325·

727 2224 856 2239 m

1227 2259 1354 2304 SEC-
