1519 2729
595 136 818 192 (63)

143 277 396 331 Pythagorea
421 287 496 315 nos
524 274 674 325 docet,
712 287 734 315 e
762 287 840 327 qua
867 276 908 315 in
937 285 1098 316 omnem
1131 277 1258 319 Grae-

144 350 246 395 ciam
270 333 551 399 processerunt
576 346 723 399 optimi
751 346 902 398 quique
927 347 1134 387 civitatum
1150 349 1261 400 prin-

145 419 258 469 cipes
287 427 406 468 atque
437 427 631 456 rectores.
692 415 846 456 Pariter
873 429 895 456 e
926 417 1064 458 schola
1079 411 1259 471 prophe-

145 489 226 528 tica
264 485 371 539 apud
414 484 616 526 israelitas
660 486 858 538 prodiisse
888 487 1097 538 videntur,
1143 500 1263 541 quot-

143 568 249 612 quot
283 556 474 609 deinceps
512 554 562 596 ad
603 555 842 598 destructam
871 570 1000 610 usque
1039 558 1264 611 rempubli-

145 638 234 668 cam
262 628 335 667 viri
366 627 536 680 insignes
565 638 587 666 a
613 625 710 668 Deo
738 627 1000 680 peculiariter
1042 628 1264 684 distingue-

88 730 91 733 .
145 708 308 746 rentur,
351 708 396 737 ut
438 696 510 738 suo
553 699 720 738 nomine
750 697 800 738 ab
826 697 956 756 aliena
983 697 1267 751 superstitione

147 767 349 820 populum
383 779 630 818 avocarent,
673 781 807 809 veram
837 768 1045 824 religionis
1085 769 1265 811 indolem

145 838 449 891 patefacerent,
488 850 528 878 et
559 851 718 881 morum
755 840 1024 893 integritatem
1055 851 1264 880 commenn-

145 908 298 948 darent.
359 907 440 948 Sed
482 920 581 949 vero
625 908 665 949 hi
702 920 784 948 non
813 910 884 950 nifi
913 910 1131 964 progressu
1162 921 1265 950 tem-

143 980 258 1032 poris
300 990 463 1018 omnem
508 977 619 1018 suam
659 978 740 1017 vim
772 979 813 1017 in
838 979 1044 1032 populum
1071 991 1266 1020 exercue-

116 1040 119 1041 ⁷
144 1058 262 1097 runt,
293 1060 340 1088 ac
370 1047 527 1088 semina>
560 1058 712 1088 tantum
744 1047 968 1101 sparserunt
995 1049 1076 1090 hoc
1105 1061 1266 1104 tempo·

143 1125 216 1166 re‘,
247 1129 421 1170 quorum
450 1117 606 1159 fructus
632 1118 734 1158 vidit
760 1120 965 1171 posterior
1005 1131 1126 1160 aetas.

202 1186 300 1228 Plus
340 1200 438 1228 vero
482 1189 558 1229 hac
591 1199 721 1229 aetate
749 1188 801 1229 'ad
827 1189 1097 1231 excolendum
1129 1203 1266 1244 popu·

142 1256 230 1298 lum
259 1257 538 1311 praestiterunt
563 1259 646 1301 duo
675 1271 814 1313 reges,
847 1260 994 1313 quibus
1021 1261 1132 1302 nulla
1155 1274 1264 1302 aetas

145 1326 241 1369 tulit
279 1328 587 1381 praestantiores
628 1330 950 1380 illustrioresve,
997 1330 1178 1372 Davides
1220 1342 1263 1371 et

145 1396 341 1448 Salomo‚
374 1398 451 1439 suis
473 1411 644 1454 uterque
662 1413 756 1456 erga
783 1400 1078 1452 rempublicam
1110 1403 1264 1442 meritis

144 1467 330 1522 insignes.
391 1467 466 1509 Ille
494 1471 689 1522 quidem,
722 1470 834 1523 quod
859 1470 940 1524 jam
971 1469 1114 1511 Saulus
1143 1484 1265 1526 agere

145 1538 381 1591 inceperat,
439 1541 614 1593 imperiix
661 1541 799 1586 hostes
855 1539 1032 1581 feliciter
1066 1541 1263 1597 subegit,

145 1609 314 1663 ejusque
343 1608 442 1650 fines
469 1610 594 1665 longe
610 1610 771 1664 lateque
784 1610 995 1661 extendit:‚
1028 1598 1117 1662 hic,
1150 1611 1263 1665 quod

145 1691 168 1718 a
192 1689 304 1731 patre
333 1692 548 1733 acceperat
576 1694 772 1736 regnum,
819 1683 1078 1723 commerciis
1111 1684 1264 1722 mariti-

147 1750 222 1788 mis
244 1748 541 1803 amplificavit‚
585 1751 734 1806 suaque
767 1755 1006 1793 auctoritate
1033 1766 1080 1793 ac
1110 1752 1267 1806 sapien-

127 1819 203 1858 ·tia
226 1818 275 1858 ad
300 1830 448 1860 tantam
491 1820 665 1874 gloriam
706 1821 1029 1875 felicitatemque
1069 1822 1264 1874 adduxit,

82 1924 85 1926 .
147 1899 192 1928 ut
232 1888 318 1942 ejus
361 1901 489 1930 aetate
529 1891 715 1932 dicantur
758 1892 961 1934 Israelitae
986 1893 1107 1934 rebus
1134 1895 1264 1934 omni-

148 1950 250 2007 Bus,
299 1971 400 2011 quae
439 1959 490 2001 ad
513 1962 618 2001 vitae
647 1961 738 2002 usus
766 1974 807 2003 et
845 1963 1061 2004 commoda
1087 1966 1264 2017 pertine-

146 2040 261 2077 rent,
307 2028 554 2078 abundasse,
594 2029 778 2085 laeteque
808 2045 854 2073 ac
891 2032 1028 2075 secure
1060 2033 1131 2075 sub
1168 2036 1262 2076 viti-

145 2098 220 2140 bus
250 2098 489 2153 ficubusque
518 2099 597 2141 suis
620 2100 763 2145 sedisse
789 2099 884 2157 (a).

1183 2161 1260 2203 Er-

189 2231 253 2279 (a)
281 2244 294 2269 1
322 2234 412 2278 Reg.
436 2236 491 2270 IV:
516 2245 570 2280 25⁹.
