1519 2729
533 189 783 247 (109)

89 335 281 388 lymit'ano
312 330 465 385 templo
494 332 667 380 remoti,
714 331 852 372 divino
879 327 1035 370 cuidam
1074 328 1204 370 cultui

88 415 273 446 vacarent
304 400 399 456 (a).
471 401 526 441 Et
555 401 607 441 fic
635 401 795 453 quidem
814 430 827 451 ,
873 411 963 440 cum
994 409 1108 438 antea
1134 400 1204 439 vix

89 486 162 528 per
189 473 354 526 aliquod
395 483 552 525 tempus
589 464 767 524 Jehovae
810 469 1088 517 adhaererent,
1126 479 1204 508 nec

89 543 160 583 nifi
189 554 262 596 per
291 541 454 596 legatos>
476 541 634 581 divinos
661 540 855 580 admoniti
885 549 924 578 et
958 550 1092 591 paene
1133 543 1209 579 «20³

88 613 171 653 acti
200 612 343 665 poenis
373 610 548 659 divinis;
593 621 699 650 nunc
727 621 778 649 eo
807 607 1116 662 processerunt,
1163 619 1209 647 ut

90 679 233 733 sponte
260 679 326 720 sua
366 691 406 734 et
440 680 599 719 nemine
623 690 811 719 monente
847 677 896 728 ad
924 676 1076 719 cultum
1107 677 1210 717 Mo-

25 768 29 773 ·
91 749 240 790 saicum
270 750 398 791 essent
424 750 608 803 propenfi
626 781 639 800 ‚
669 760 800 802 neque
828 749 947 788 etiam
971 746 1210 800 Principum

91 818 252 860 suorum
291 831 331 859 et
369 819 659 868 sacerdotum,
713 818 881 859 Graecis
916 816 1096 858 moribus
1140 816 1211 857 tle-

93 887 366 938 lectatorum,
397 889 587 942 exemplo
614 901 635 928 a
663 887 860 941 religione
888 888 991 927 avita
1031 886 1071 926 se
1110 892 1211 927 avo-

91 959 174 998 cari
202 968 445 1010 paterentur.
507 957 655 1012 Quid?
686 957 798 1010 quod
839 966 990 996 tantum
1027 955 1212 1009 jehovae

96 1026 225 1068 cultui
251 1026 466 1067 statuerunt
481 1028 681 1079 pretium,
713 1036 778 1074 ut,
807 1025 988 1078 quamvis
1015 1024 1211 1080 angplisfi-

91 1109 249 1137 morum
277 1098 546 1150 praemiorum
588 1095 656 1150 spe
692 1094 742 1135 ab
779 1094 989 1134 Antiocho
1026 1093 1213 1148 Epipha-

90 1178 140 1206 ne
166 1165 334 1219 pellecti
362 1177 402 1205 et
432 1166 539 1207 duris
567 1166 699 1207 coacti
723 1164 910 1219 legibus,
942 1166 1151 1207 immotam
1168 1167 1209 1205 in

92 1235 291 1291 religione
335 1236 583 1289 ostenderint
623 1234 909 1276 constantiam:
952 1248 1083 1288 eoque
1126 1246 1211 1275 tan-

94 1306 184 1347 dem
207 1308 404 1361 progressi
435 1305 739 1354 suntI-Iebraei‚
769 1317 812 1346 ut
835 1306 989 1347 summo
1004 1305 1101 1346 odio
1114 1317 1212 1358 pro·

92 1376 373 1429 sequerentur,
417 1376 622 1429 quidquid
641 1374 815 1428 aliquam
846 1375 1097 1416 idololatriae
1140 1375 1211 1415 ha·

92 1445 205 1485 beret
231 1443 429 1499 speciem,
467 1457 507 1485 et
534 1444 575 1485 id
605 1457 724 1485 omne
763 1445 916 1485 summo
955 1444 1084 1485 studio
1123 1455 1210 1485 tue-

91 1526 229 1556 rentur
255 1528 302 1556 ac
331 1516 413 1555 vita
443 1515 528 1568 ipsa
553 1515 758 1556 censerent
785 1517 940 1565 carius,
984 1515 1096 1568 quod
1121 1514 1211 1555 ullo

93 1585 218 1626 modo
282 1584 332 1626 ad
378 1583 556 1640 Jehovae
618 1584 773 1627 cultum
828 1586 1028 1639 pertinere
1080 1584 1210 1627 videri

92 1651 244 1710 posset.
823 1700 825 1703 ¹

152 1725 233 1768 Sed
289 1736 329 1766 et
379 1725 481 1773 hanc
523 1724 644 1765 fuisse
697 1727 1016 1780 progressionem
1060 1726 1212 1783 ingenii

95 1793 373 1835 Hebraeorum
390 1826 402 1845 ‚
432 1806 541 1847 patet
568 1806 618 1835 ex
645 1794 731 1847 ipsa
758 1797 1060 1849 progresfione‚
1107 1793 1210 1847 qua'e

97 1865 274 1904 cernitur
301 1865 340 1904 in
370 1864 615 1906 revelatione
655 1864 801 1906 divina.
861 1865 1023 1905 Mosem
1051 1866 1211 1908 cnim‘fi

97 1946 191 1974 cum
221 1932 379 1974 Davide
411 1945 458 1973 ⁴et
499 1933 716 1974 Salomone
755 1946 1058 1987 compar-emus,
1103 1930 1213 1989 mag'·

97 2013 191 2042 num
235 2003 410 2042 cernitur
447 2002 679 2043 discrimen.
741 2002 815 2043 Ille
856 2005 1017 2057 quidem
1052 2007 1214 2060 egregia

97 2083 279 2125 quaeque
318 2071 466 2127 placita
509 2071 557 2113 de
594 2070 690 2114 Deo
720 2074 907 2126 tradidit,
938 2087 978 2117 et
1004 2088 1120 2131 quam
1153 2075 1211 2116 Is-

1126 2157 1210 2187 rac-

82 2266 85 2271 ·
145 2214 207 2263 (a)
231 2218 332 2254 Conf.
355 2219 408 2255 Cl.
438 2219 581 2264 Pareau,
605 2220 716 2267 Antiq.
747 2218 853 2257 Hebr.
882 2232 916 2267 p.
935 2233 1009 2267 204.
