1519 2729
655 175 879 249 (431)

200 321 320 361 tiores
346 318 697 372 praedicaverant,
741 317 829 358 suae
858 314 1037 356 methodi
1063 314 1319 356 fundamenta

197 390 378 431 adsumfit
404 389 663 442 agnovitque.

256 458 364 499 Inter
404 457 730 498 fructificationis
759 469 891 510 partes
918 468 982 496 eas
1014 456 1187 508 optimas
1214 454 1319 494 arbi-

202 541 323 570 tratus
364 540 425 569 est
460 527 790 582 Jussievus‚
834 539 932 579 quas
975 526 1057 579 ipsa
1097 536 1236 565 natura
1280 525 1320 564 in

201 612 278 641 una
318 599 536 652 eademque
576 598 727 639 familia
759 596 925 637 naturali
969 594 1234 637 collocavisse
1263 595 1322 633 vi-

204 670 346 719 detur,
402 670 659 722 quibusque,
725 679 926 720 tamquam
991 665 1174 706 methodi
1227 663 1323 705 fun-

205 739 399 780 damentis
423 739 612 780 adhibitis
629 769 642 788 ‚
680 737 837 791 plantae
854 767 866 786 ‚
909 748 1010 788 quae
1038 735 1104 776 sua
1132 732 1324 774 structura

206 820 402 863 cognatae
447 798 571 858 'sunt,
617 808 735 848 etiam
776 808 816 846 iu
856 804 1054 846 methodo
1092 806 1176 844 hon
1214 803 1325 857 sepa-

207 890 355 919 rantur.

264 946 500 996 Prioribus,
530 945 623 986 inde
654 945 881 993 confectis,
928 943 1190 985 divisionibus
1229 941 1327 982 alias

208 1017 376 1057 minoris
416 1016 611 1056 momenti
652 1015 830 1064 addidit,
874 1015 1135 1067 omniumque
1167 1012 1326 1053 divifio·

207 1099 304 1126 num
358 1085 608 1127 characteres
649 1085 865 1126 secundum
907 1097 1047 1125 eorum
1080 1083 1254 1137 pretium
1285 1081 1328 1121 in

210 1167 291 1196 tres
317 1155 437 1197 series
467 1155 664 1196 ordinavit
692 1154 716 1209 ζ
726 1153 788 1208 1).

646 1295 671 1348 ς
702 1293 897 1337 XXXIV.

268 1436 334 1483 Ad
363 1435 556 1489 primam
596 1435 734 1477 seriem
766 1435 1080 1477 constituendam
1114 1430 1330 1488 praecipue

213 1505 453 1547 adhibentur
483 1506 748 1558 cotyledones
775 1518 816 1546 et
856 1508 959 1547 ratio
990 1519 1090 1559 quae
1122 1507 1227 1546 inter
1258 1503 1330 1544 sta-

214 1577 320 1616 mina
345 1587 386 1616 et
406 1576 558 1630 pistilla
583 1577 721 1618 locum
748 1577 897 1627 habet,
934 1588 1084 1629 eosque
1126 1575 1331 1616 characte-

213 1657 276 1687 res
301 1646 484 1700 Jussie
501 1661 564 1688 vu
581 1660 598 1687 s
624 1648 787 1688 vocavit
805 1647 1043 1701 primarios
1078 1644 1331 1701 unifornw.5‚⁸

208 1717 445 1770 primarios
461 1747 474 1766 ‚
506 1716 640 1771 quoad
665 1729 806 1757 eorum
832 1717 1091 1758 constantiam
1107 1746 1120 1765 ‚
1162 1727 1203 1754 et
1239 1714 1332 1755 uni-

207 1784 404 1840 formes;
442 1789 534 1840 quia
564 1787 644 1827 sese
674 1787 847 1828 offerunt
875 1789 915 1828 in
941 1788 1128 1828 omnibus
1154 1785 1332 1839 plantis,

215 1855 407 1897 structura
435 1856 643 1908 affinibus,
687 1857 869 1911 adeoque
902 1856 1071 1898 naturali
1112 1855 1218 1910 quasi
1247 1856 1334 1895 vin·

216 1925 313 1966 culo
336 1926 577 1979 conjunctis.

270 1994 339 2037 Ad
358 1991 588 2049 secundam
618 1996 757 2038 seriem
781 1997 842 2038 vir
867 1997 1037 2038 eximius
1061 1994 1200 2037 retulit
1241 1994 1335 2035 cha-

1249 2077 1336 2105 rae-

261 2154 323 2200 (1)
349 2157 446 2191 Conf.
480 2157 522 2191 A.
564 2156 605 2190 L.
641 2155 697 2190 de
726 2157 958 2202 Jussieu‚
992 2158 1106 2193 Gener.
1141 2156 1250 2191 Plant.
1284 2152 1337 2191 ed.

218 2212 345 2249 Paul,
373 2213 579 2254 Usteri,
602 2222 675 2256 pag.
702 2224 746 2258 47
775 2215 847 2258 sqq.
