1519 2729
572 146 799 207 (69)

126 296 171 328 ut
209 284 405 328 formulae
448 285 571 328 modo
613 272 847 337 adhibitae,
890 295 967 340 pro
1004 282 1095 326 aliis
1122 282 1254 335 fluidis

124 357 244 396 etiarn
259 356 455 406 “valeann
487 358 512 399 fi
542 357 821 398 tantummodo
846 369 923 410 pro
952 353 1128 397 V'‘etV‘
1159 353 1256 396 sub-

122 424 334 467 stituantur
360 428 465 467 vires
493 425 731 476 elasticae‚;
753 428 866 468 hisce
891 425 1023 468 fluidis
1052 426 1257 479 propriae.-

180 495 222 537 Si
248 509 419 550 vapores
446 495 609 538 illorum
635 496 873 544 fluidorum,
905 496 1015 536 omni
1042 508 1145 548 aqua
1171 494 1259 535 sunt

121 567 296 619 privati,
329 578 369 607 et
400 568 424 608 fi
452 580 544 620 cum
569 580 720 620 vapore
760 566 914 622 aquoso
952 564 1104 606 nullam
1145 563 1259 615 alunt

123 628 386 686 affinitatem,
445 639 644 691 quantitas
693 646 832 690 aquae·
867 647 1064 690 vaporum
1107 645 1258 676 atmos-

124 707 273 760 phaera
313 718 628 757 contentorum,
671 706 823 760 nullam
862 707 902 746 in
939 705 1083 747 horum
1114 703 1273 744 fluido-¹

125 789 214 817 rum
242 779 569 830 evaporationem
599 777 766 819 habebit
790 776 1038 825 efficaciam3
1084 773 1160 814 hac
1188 772 1258 814 Cl.

124 844 345 888 Dalton
383 847 664 889 observatione
692 849 810 887 etiam
853 845 1144 887 confirmantur
1185 855 1258 894 ea,

123 931 224 971 quae
259 917 367 958 dicta
410 918 498 958 sunt
528 918 577 959 de
618 915 784 958 miscela
827 916 1044 960 fluidorum
1070 913 1260 954 clastico·
1312 920 1313 923 ’

123 1000 225 1028 rum.

178 1056 440 1112 Investigavit
477 1058 596 1098 etiam
624 1056 850 1099 *Dalton
891 1055 1038 1112 glaciei
1065 1065 1258 1106 evapora-

125 1127 276 1168 tionem
304 1139 345 1167 et
374 1128 618 1177 fluidorum,
664 1128 836 1169 maxima
871 1138 1023 1167 tantum
1062 1135 1260 1176 tempera-

129 1198 214 1238 tura
253 1186 539 1239 ebullientium
556 1228 570 1249 ,
598 1208 652 1250 ¹et
689 1197 856 1239 eandem
883 1196 1016 1252 legem
1044 1193 1264 1241 confirma,

124 1277 203 1308 tam
231 1279 397 1308 mvemt.
446 1312 453 1316 ,
1168 1317 1171 1320 ¹

181 1336 247 1378 Ex
273 1337 333 1377 his
363 1338 551 1379 omnibus
574 1324 656 1393 jain
686 1337 805 1378 dictis
833 1346 972 1390 patet,
1003 1333 1054 1375 ad
1080 1334 1155 1375 tria
1176 1331 1261 1374 tan-

113 1408 209 1447 ‘tum
241 1406 325 1447 esse
353 1408 638 1448 attendendum
679 1409 720 1447 in
748 1409 1064 1461 evaporatione,
1095 1404 1145 1445 ad
1174 1415 1262 1444 ten-

125 1477 274 1518 sionem
305 1476 460 1518 scilicet
489 1477 626 1526 fluidi,
668 1477 940 1531 temperatura
970 1489 1070 1530 quae
1101 1474 1162 1515 illi
1190 1475 1261 1514 tri·
1294 1512 1300 1519 ,

126 1546 290 1595 buitur-z,
322 1547 370 1587 ad
400 1548 615 1588 tensionem
642 1561 839 1601 vaporum
864 1547 1043 1602 ejusdem
1072 1556 1261 1593 naturae,

123 1617 204 1671 jam
234 1618 273 1656 in
304 1619 584 1670 atmosphaera
612 1618 877 1668 exstantiumz,
919 1629 960 1658 et
989 1618 1038 1658 ad
1079 1617 1262 1657 refisten-

129 1688 223 1727 tiam
264 1688 366 1727 aeris
410 1689 715 1740 mechanicam,
761 1703 840 1744 qua
882 1700 1079 1742 vaporum
1105 1685 1262 1728 diffufio

129 1756 361 1808 impeditur.
572 1750 576 1755 ’
780 1763 784 1766 “

186 1825 254 1865 Cl.
298 1825 435 1866 Biot
476 1827 695 1870 ficcitatem
753 1831 793 1870 in
833 1829 1070 1884 regionibus
1113 1838 1263 1867 atmos-

133 1896 305 1950 phaerae
333 1894 605 1947 superioribus
635 1901 776 1940 tribuit
803 1901 952 1939 raritati
988 1899 1119 1946 aeris,
1151 1897 1265 1937 bisce

130 1968 170 2007 in
199 1965 332 2013 locis,
365 1980 441 2020 qua
469 1980 638 2021 vapores
668 1968 836 2009 facilius*
857 1968 896 2008 se
913 1968 1178 2022 dispergunt,
1211 1967 1265 2006 ita

129 2049 175 2079 ut
201 2037 419 2077 humiditas
450 2038 619 2086 localis,
651 2049 695 2080 ut
722 2040 777 2078 ita
803 2038 961 2089 dicam,
993 2038 1105 2080 hisce
1134 2038 1174 2078 in
1202 2049 1264 2078 re-

131 2107 321 2164 gionibus
350 2108 517 2148 inveniti
549 2093 759 2162 nequeat..

170 2176 247 2219 'Et
277 2177 375 2219 hacc
402 2177 450 2219 de
480 2178 550 2220 illa
579 2180 738 2222 theoria
767 2179 943 2222 sufficere
967 2178 1160 2233 possent,
1191 2177 1261 2217 nisi

1152 2260 1265 2290 men-

1276 2314 1307 2336 Κ.
