1519 2729
514 150 733 210 (ατ)

484 291 518 325 6.
540 288 759 331 Compositae.
789 316 793 319 .

481 355 513 389 7.
541 346 759 387 Aggregatae.

486 404 517 436 8.
540 401 736 436 Tricocoae.

482 469 516 501 9.
540 459 775 500 Incompletae.

466 524 517 550 10.
541 513 770 548 Fructiflorae.

463 579 515 604 11.
540 570 755 604 Caliciflorae.

461 638 512 662 12.
535 626 731 669 Ringentes.

464 693 514 725 13.
541 684 730 728 Siliquosae.

462 750 513 783 14.
537 740 793 774 Columniferae.

463 806 512 839 15.
537 795 782 840 Leguminosae.

463 854 516 887 16.
540 853 780 896 Oligantherae.

462 919 511 953 17.
536 908 818 951 Diplosantherae.

462 966 511 998 18.
536 964 786 1008 Polyantherae.

290 1020 366 1062 III.
418 1021 595 1063 Flore
637 1018 954 1063 invisibili.

461 1100 513 1134 19.
535 1088 808 1134 Cryptantherae.

457 1159 512 1182 20.
535 1147 747 1190 Lithophyta.

544 1275 568 1328 §
599 1273 713 1316 XVI.

122 1411 311 1467 Antiquis
361 1376 473 1469 jam!
496 1414 747 1469 temporibus
803 1413 954 1466 primus
1000 1411 1180 1452 omnium

66 1481 304 1537 Caesalp
322 1485 333 1524 i
350 1498 477 1535 nusg
534 1485 726 1537 deinceps
775 1483 892 1537 hujus
949 1480 1181 1534 exemplum

68 1550 221 1601 secuti,
267 1553 455 1606 Rayus
486 1566 525 1595 et
563 1554 923 1594 Boerhavius
964 1552 1181 1593 secundum

70 1620 356 1671 cotyledonum
398 1628 606 1665 numerum
638 1623 704 1664 sua
739 1623 1021 1664 distribuerant
1059 1620 1183 1672 syste-
1219 1612 1221 1614 ’

71 1702 200 1740 mata,
231 1703 349 1746 atque
377 1694 458 1745 ipse
487 1693 778 1734 Linnaeus
816 1703 900 1731 non
927 1689 1097 1730 obscure
1123 1691 1182 1729 in-

71 1759 299 1809 dicaverat,
331 1761 487 1803 seminis
514 1775 646 1817 partes
675 1762 837 1802 maximi
875 1760 1054 1800 omnium
1093 1771 1182 1813 pre-

42 1838 45 1841 ·
73 1830 117 1869 tii
143 1829 225 1870 csse
257 1831 453 1873 habendas
483 1831 575 1887 (1).
635 1832 934 1883 Royenus,
966 1831 1035 1883 qui
1063 1830 1183 1869 etiam

1100 1908 1187 1937 tan·

43 2070 53 2074 -
118 2022 180 2069 (x)
220 2025 511 2072 Vim-Caroli
550 2026 784 2065 Linnaei‚
817 2024 932 2066 Classes
969 2026 1080 2059 Plant.
1112 2032 1186 2066 pag.

74 2091 151 2126 437.
196 2107 217 2124 ,‚
242 2082 307 2126 Qui
336 2084 461 2116 clavem
490 2081 637 2115 methodi
660 2082 809 2114 naturalis
839 2081 996 2114 fabricare
1034 2079 1163 2113 student
1183 2106 1194 2121 ‚

74 2162 97 2180 ‚‚
120 2137 216 2172 sciant
242 2140 359 2172 nullam
387 2148 512 2181 partem
540 2140 753 2172 uuiverfiilem
797 2139 892 2180 magis
923 2139 1033 2171 valere
1050 2163 1060 2178 ‚
1094 2145 1189 2178 quam

75 2195 203 2237 „illam
236 2205 253 2228 a
281 2195 365 2237 situ,
403 2196 593 2238 praesertim
627 2197 778 2237 seminis,
814 2197 846 2229 in
879 2196 998 2231 semine
1031 2201 1189 2239 punctum

1087 2274 1109 2292 ,.,
1132 2257 1190 2281 vc-
