1519 2729
424 223 713 282 ⁷(37)

43 362 148 421 fas„
179 365 356 419 quib11S‚
401 365 440 405 in
471 363 753 418 supplemento
776 359 808 419 Ι(
818 357 894 412 1),
936 358 1066 401 adhuc
1093 368 1171 399 ter-

9 480 11 485 χ
51 437 151 476 tium
192 436 371 476 ordinem
408 434 517 475 addit
548 433 853 489 filiqnatarum
888 432 1080 478 nomine,
1123 427 1173 469 ad

50 518 148 558 quas
189 502 341 559 isati-v,
385 506 529 555 vella,
587 504 826 558 rapistrum
866 511 907 540 et
948 497 1173 554 raphanus

49 574 285 616 reseruntur.

106 643 245 686 Plures
268 658 386 698 quam
399 644 467 685 illa
497 644 536 685 O
552 657 574 685 e
588 645 613 686 d
628 657 649 685 e
665 645 738 695 ri,
768 642 982 685 methodus
998 639 1171 682 Crant-

51 715 136 754 zii
180 716 361 755 continet
406 715 566 756 ordines
608 714 863 762 artificiales,
911 710 1022 766 quod
1051 712 1172 752 etiam

51 783 149 824 duae
169 783 333 824 ultimae
350 783 493 825 classes
508 785 626 839 hujus
642 784 862 836 systematis
879 781 1170 830 demonstrant,

51 866 217 906 quarum
247 854 452 894 distinctio
483 851 531 894 de
559 855 764 895 staminum
788 865 956 894 numero
998 851 1174 891 derivata

50 922 133 963 esse
181 922 350 964 videtur.
439 922 526 964 Hae
560 925 669 965 enim
711 923 856 964 classes
899 921 971 974 ipfi
1010 920 1177 960 audiunt

43 992 450 1048 pauci-stamineae
512 1005 551 1033 et
601 993 744 1043 multi
759 991 1049 1047 stamineae,
1107 988 1174 1029 de-

49 1063 324 1102 nominatione
341 1093 354 1111 ,
387 1074 496 1103 certe
518 1063 686 1104 minime
710 1061 920 1103 accurata!

108 1130 175 1171 Ob
220 1131 289 1171 has
333 1133 507 1172 rationes
537 1132 869 1178 ,Candolliu
887 1144 904 1172 s
937 1128 1173 1170 methodum

52 1201 322 1242 Crantzii
364 1216 529 1256 quoque
566 1204 688 1244 refert
722 1202 771 1243 ad
798 1215 890 1250 eas,
935 1213 1036 1254 quae
1065 1211 1175 1239 tactu

51 1270 224 1324 quodam
267 1271 428 1312 fuerunt
457 1273 670 1326 dispositae
715 1272 890 1325 ideoque
918 1272 1022 1311 inter
1052 1268 1174 1321 syste-

52 1352 154 1382 mata
179 1342 302 1382 mixta
327 1343 595 1385 recensendae
623 1344 711 1384 sunt
739 1340 833 1396 (2).

0 1457 9 1554 ξ
511 1483 535 1535 §
567 1481 722 1523 XXIX.

0 1593 4 1619 ι

0 1571 11 1680 l
111 1619 197 1673 jam
241 1634 344 1662 anno
389 1622 496 1679 1769
545 1621 834 1675 Johannes
883 1619 1175 1660 Antonius

57 1688 83 1729 S
101 1702 122 1729 c
138 1702 162 1729 o
179 1702 204 1742 p
221 1703 245 1729 o
262 1690 274 1730 l
293 1692 303 1730 i
344 1690 496 1743 plantas
513 1720 526 1739 ‚
571 1693 611 1731 in
653 1690 719 1733 sua
768 1689 892 1730 Flora
943 1686 1178 1729 Carnioliczt

57 1770 304 1801 enumeratas
319 1790 330 1808 ‚
388 1760 601 1802 secundum
663 1759 900 1801 methodum
954 1757 1174 1797 naturalem

58 1827 319 1881 disposuerat.
378 1829 524 1871 Postea
549 1843 645 1872 vero
673 1842 778 1870 anno
803 1829 915 1883 '1783
941 1827 1177 1868 methodum

57 1898 302 1938 emendatam
319 1928 332 1946 ‚
386 1900 438 1953 36
478 1900 646 1950 familias
675 1900 952 1940 continentem
967 1929 980 1948 ,
1025 1896 1175 1944 edidit,

59 1980 224 2020 quarum
272 1980 591 2023 unamquamque
632 1972 795 2010 nomine
837 1967 1045 2023 cujusdam
1097 1966 1179 2006 Bo-

1121 2046 1178 2075 ta-

61 2135 166 2181 (ι)
189 2138 290 2183 Classis
312 2138 544 2181 crucifhrmium
567 2141 760 2175 emendanda
783 2141 816 2172 in
839 2137 1042 2181 necesfizrium
1078 2135 1178 2180 instit.

60 2195 108 2226 rei
128 2194 225 2228 Herb.
248 2194 348 2240 suppl.
365 2221 374 2236 ‚
400 2197 523 2239 Lipsiae
551 2199 645 2242 1769.

85 2279 89 2284 .
107 2247 168 2294 (2)
193 2251 291 2286 Cons.
319 2252 422 2288 Theos.
446 2243 548 2290 Elem.
571 2255 608 2289 cle
631 2255 664 2288 la
677 2255 770 2295 Bot.‚
794 2265 839 2287 επ.
860 2251 913 2307 efi-
929 2253 946 2297 §
962 2263 1016 2296 42·
1032 2261 1105 2295 Pssg·
1121 2250 1176 2285 66·
