1519 2729
708 121 736 178 C
791 121 930 179 74)

598 255 942 301 SECTJO
998 260 1058 302 Η.

626 372 810 431 Caussae
837 387 1033 420 remotae.

746 490 771 543 §
801 490 894 533 LII.

313 604 406 647 Huc
447 619 573 659 usque
613 607 734 660 igitur
761 605 934 646 vidimus
962 606 1010 647 de
1039 607 1153 648 causa
1177 607 1369 648 vermium

255 677 439 728 proxima
455 706 468 724 ‚
500 688 600 728 quac
629 676 754 714 varias
780 675 834 715 ob
863 678 1036 718 rationes
1061 687 1235 717 remotas
1261 687 1369 716 ante-

253 744 396 784 cedere
432 744 498 784 hic
542 743 740 792 'debebam
781 745 862 798 jam
903 759 1008 787 nunc
1052 746 1282 794 videamus,
1319 759 1370 787 ex

254 826 428 865 quonam
480 826 612 854 rerum
657 815 854 856 concursu
907 818 1100 857 vermium
1146 816 1370 860 rudimenta

249 883 347 923 oriri
372 883 536 936 possint.

308 951 391 992 Has
418 953 518 993 adeo
547 953 726 1003 caussaS‚
770 964 1029 1014 remotarum
1057 955 1221 995 nomine
1243 967 1266 995 a
1294 953 1366 995 Pa-

251 1022 431 1077 thologis
463 1026 642 1078 agnitas,
685 1037 767 1065 non
807 1019 1028 1080 incongrue
1068 1025 1290 1066 dividemus
1325 1026 1367 1065 in

240 1091 612 1144 praedisponentes
639 1105 679 1134 et
707 1093 988 1148 occasionales.
1366 1105 1369 1109 '

305 1159 372 1200 Ad
405 1163 774 1216 praedisponentes
828 1165 1054 1217 pertinent,
1112 1162 1366 1204 conditiones

247 1232 415 1280 aetatis,
464 1231 604 1282 sexus,
663 1235 989 1285 temperamenti,
1034 1232 1364 1285 idiosy-ncrafiae,

247 1301 352 1340 vitae
375 1303 557 1354 generis,
588 1304 680 1343 anni
709 1305 956 1357 tempestatis
985 1315 1025 1344 et
1045 1304 1245 1358 regionis,
1276 1303 1366 1356 qui-

244 1367 322 1408 bus
361 1370 558 1411 accedunt
598 1374 888 1426 cacochymica
928 1374 1160 1415 constitutio
1184 1371 1228 1414 et
1266 1373 1365 1413 varii

242 1437 374 1477 morbi
402 1439 600 1480 chronici.
673 1490 676 1493 ¹
1250 1494 1252 1497 v

300 1506 362 1548 1⁰.
405 1508 554 1550 Aetas.
627 1512 750 1553 Aetas
792 1511 985 1552 infantilis
1023 1524 1140 1564 quam
1194 1512 1365 1551 maxime

242 1574 422 1629 disponit
459 1579 510 1619 ad
545 1592 700 1621 vermes
742 1593 860 1634 atque
896 1583 937 1621 in
972 1580 1196 1621 universum
1238 1581 1365 1634 magis

244 1659 363 1699 quam
391 1651 640 1701 provectior.
700 1651 992 1692 Observatione
1021 1650 1199 1699 constat,
1229 1646 1363 1704 Asca-

240 1716 377 1756 ridem
402 1718 715 1762 lumbricoidem
744 1733 791 1762 et>
812 1722 1138 1763 vermicularem
1165 1721 1362 1772 imprimis

235 1786 406 1840 junioris
432 1790 570 1828 aetatis
602 1791 834 1833 hominibus
863 1793 945 1833 esse
976 1792 1213 1845 proprium,
1257 1788 1295 1830 T
1291 1803 1360 1831 ae·

237 1857 357 1897 niam
381 1870 478 1898 vero
505 1859 772 1902 adultioribus
802 1862 927 1916 magis
953 1861 1201 1902 familiarem.

296 1924 378 1966 110.
411 1926 558 1969 Sexus.
620 1930 746 1972 Sexus
788 1931 949 1984 sequior
984 1930 1106 1984 longe
1150 1931 1275 1985 magis
1311 1930 1360 1970 ad

237 2007 393 2036 vermes
418 1998 631 2052 dispofitus
659 2014 748 2049 est,
787 2014 905 2054 quam
940 1999 1208 2050 masculinus,
1253 1999 1359 2052 apud

237 2064 344 2104 hunc
384 2068 488 2107 enim
532 2068 649 2110 status
688 2072 920 2113 observatur
944 2071 1177 2121 robustior,
1222 2071 1360 2112 durior

237 2145 354 2187 quam
383 2136 489 2190 apud
515 2137 642 2179 iilam.

1257 2195 1353 2237 111⁰.
