1519 2729
656 124 685 181 ¹<
742 125 880 182 94)

206 261 286 314 lia,
329 272 547 316 eorumque
590 259 781 304 structura
822 263 962 306 melius
997 276 1325 320 cognoscantur,

206 334 323 376 aliter
352 335 426 375 hac
457 334 505 374 de
534 345 574 373 re
605 333 781 374 sentitur.

262 403 418 444 Adsunt
458 403 624 443 omnino
663 403 873 453 animalia,
926 417 1095 457 quorum
1139 406 1326 445 intestina

202 485 339 512 revera
364 484 385 512 a
411 471 614 512 vermibus
644 472 731 512 sunt
771 473 999 526 perforata,
1043 475 1149 526 apud
1193 475 1325 514 homi-

201 554 294 581 nem
320 554 417 582 vero
448 541 527 582 hoc
552 553 751 593 nunquam
783 542 952 581 obtinet.
1013 543 1093 583 Sed
1117 543 1325 595 quomodo

200 623 313 651 extra
342 621 510 651 tractum
543 609 809 650 intestinalem
842 622 996 650 vermes
1039 613 1325 660 inveniuntur,

199 678 227 718 fi
253 679 324 732 ipfi
347 679 544 719 foramina
568 691 651 718 non
695 678 932 720 effecerint?
979 680 1108 722 Suctu
1128 677 1325 734 ,diceban-

198 758 263 788 tur
277 748 337 788 illi
353 749 529 789 intestini
558 760 711 801 partem
741 750 780 788 in
812 760 880 789 ore
894 736 1107 800 'retium-e,
1141 750 1290 791 tamdiu
1311 779 1325 799 ‚

199 815 330 856 donec
352 816 707 858 inflammationem
736 830 936 874 gangrena
966 820 1210 873 sequeretur.

255 885 336 927 Sed
360 898 637 940 praeterquam
663 889 773 941 quod
804 902 872 929 ora
897 888 1134 942 plerumque
1159 902 1241 930 non
1256 889 1325 930 ha-

196 955 294 997 bent
321 946 417 998 'tam
447 970 616 1013 magna,
660 969 704 999 ut
731 970 884 1011 partem
927 961 1104 1000 intestini
1142 961 1325 1013 recipere

197 1027 377 1078 possint,
408 1038 489 1067 non
516 1028 636 1068 video
666 1029 870 1079 caussam,
916 1041 1017 1082 quae
1047 1028 1157 1069 illam
1201 1031 1324 1071 intes-

197 1097 270 1136 tini
300 1108 451 1150 partem
479 1099 519 1138 in
551 1111 596 1138 os
625 1098 862 1148 induceret,
909 1098 1127 1152 (quoniam
1157 1100 1227 1141 nifi
1257 1113 1323 1141 va-

196 1179 319 1207 cuum
347 1168 388 1207 in
416 1179 485 1207 ore
530 1167 626 1216 fian,
671 1178 734 1218 et,
776 1169 845 1209 nifi
876 1169 1011 1209 caussa
1038 1168 1113 1208 alia
1141 1169 1320 1211 intestini

195 1248 349 1290 partem
378 1238 419 1277 in
450 1251 495 1278 os
524 1238 732 1278 intrudens
757 1238 877 1288 adiit,
922 1238 1001 1279 hoc
1032 1238 1117 1279 fieri
1151 1238 1318 1292 nequit)

196 1306 334 1357 saltem
374 1320 456 1348 non
494 1307 601 1361 apud
634 1308 757 1349 modo
787 1320 1030 1350 memoratos
1058 1322 1241 1358 vermes,
1273 1309 1322 1350 de

196 1379 343 1432 quibus
370 1378 648 1419 tantummodo
677 1379 745 1419 hic
774 1381 956 1431 quaestio
981 1390 1052 1419 est.
1122 1379 1321 1419 Observa-

196 1460 284 1488 mus
309 1460 407 1489 vero
433 1447 630 1488 interdum
661 1448 858 1488 foramina
873 1449 1022 1503 majora
1038 1479 1050 1497 ,
1083 1462 1200 1502 quam
1218 1461 1320 1503 quae

196 1530 270 1571 per
308 1517 376 1557 illa
417 1518 534 1557 etiam
577 1517 662 1557 fieri
701 1530 947 1571 potuerunt,
991 1531 1063 1571 per
1105 1532 1207 1573 quae
1236 1531 1318 1558 non

195 1599 297 1626 unus
331 1588 476 1627 vermis
518 1585 583 1625 sed
618 1586 752 1638 plures
793 1588 912 1627 semel
942 1588 1135 1642 simulque
1161 1588 1319 1644 egredi-

195 1669 342 1706 untur,
374 1669 658 1710 nonnunquam
687 1670 818 1698 autem
845 1670 918 1711 per
943 1656 1013 1698 illa
1041 1657 1175 1699 nullus
1206 1669 1322 1712 egre·

199 1727 305 1767 ditur
333 1728 492 1767 vermis.
786 1768 791 1772 ,

255 1796 335 1838 Sed
368 1798 597 1850 quaeritur,
629 1796 838 1850 quomodo
866 1798 1044 1837 oriantur
1071 1797 1169 1838 haec
1214 1798 1320 1838 fora-

198 1868 331 1917 mina3
374 1867 688 1922 respondemus,
736 1868 887 1922 triplici
935 1869 1131 1922 imprimis
1164 1868 1318 1918 modo,

1279 1936 1320 1978 id

199 2037 221 2070 l.
249 2046 322 2078 pag.
349 2046 412 2080 39,
446 2037 501 2070 cui
530 2037 604 2070 icon
632 2037 687 2080 fig.
714 2039 742 2073 6.
769 2037 902 2081 adjecit.
944 2037 1032 2072 Sch
1050 2040 1212 2079 reiter,
1245 2039 1320 2072 Dis-

193 2093 237 2135 JbJ
243 2101 275 2126 ·.t
301 2094 389 2126 Cim
390 2105 429 2126 ae
457 2103 492 2135 1
471 2113 528 2135 .....
555 2104 571 2130 Δ
566 2103 598 2135 9
635 2096 726 2137 seqq.
753 2094 958 2138 Ku'eeksbr'tool
993 2096 1050 2128 dar
1084 2094 1320 2136 Ziektekuude,

203 2159 296 2193 1-72.
321 2152 367 2192 3²¹
394 2149 614 2193 teszamcling
635 2159 709 2195 pag.
731 2160 789 2196 95.
