1519 2729
714 169 937 228 (32)

264 311 470 366 principio
509 311 629 351 tertio
671 307 979 353 demonstratum
1007 322 1081 352 est.
1155 307 1282 352 Hisce
1313 309 1390 364 igi·
1430 332 1431 335 =

266 392 331 424 tur
367 379 408 422 in
449 379 712 436 regionibus,
758 380 798 419 in
843 380 991 432 quibus
1021 379 1175 421 fulmen
1204 379 1391 420 observa-

266 461 357 504 tur,
387 451 554 500 adsunt,
599 448 802 503 procellae
831 460 1039 503 tempore,
1085 462 1159 505 gaz
1195 450 1391 504 oxygeni-

265 534 361 571 um,
404 534 477 577 gaz
518 521 815 575 hydrogenium
857 532 898 560 et
952 519 1125 561 scintilla
1171 519 1391 567 electrica,

267 603 439 646 quorum
471 586 671 632 concursu
705 598 849 643 aquarn·
879 589 1041 630 formari
1068 590 1203 642 primo
1241 589 1394 642 princi·
1441 573 1456 609 χ»

266 662 340 717 pio
361 661 548 702 vidimus.
610 656 676 700 Ex
703 659 764 699 his
791 658 1004 700 verifimile
1031 656 1099 699 Cl.
1132 656 1274 700 Libe
1292 671 1309 698 s
1335 658 1396 698 vi*

268 732 412 781 detur,
455 730 634 784 pluviam
675 727 881 782 procellae
910 726 1007 768 oriri
1035 741 1109 782 per
1136 727 1394 782 conjunctio-

266 815 361 843 nem
389 801 581 856 oxygenii
601 810 641 839 et
663 798 931 853 hydrogenii,
964 810 1044 851 ope
1071 797 1266 838 scintillae
1289 792 1397 838 elec-³

268 874 406 914 tricae.
478 870 595 912 Hanc
638 869 875 923 opinionem
903 858 1241 921 probabiliorem⁴
1255 866 1397 907 redde-

266 955 312 983 re
361 952 529 984 conatus
569 950 629 979 est
674 937 908 988 monendo,
950 937 1022 978 has
1062 936 1219 990 pluvias
1263 930 1397 977 subito

269 1013 396 1060 oriri,
435 1009 523 1050 illas
551 1020 635 1049 non
662 1007 804 1048 cadere
838 1008 908 1048 nifi
937 1007 1119 1060 procella
1157 1008 1238 1062 jam
1279 1007 1397 1057 orni,

270 1092 312 1122 et
341 1078 646 1121 illarum-finem
673 1077 817 1118 codem
856 1088 1066 1131 tempore,
1111 1089 1203 1118 cum
1233 1072 1398 1130 procel*

269 1149 331 1192 lae
362 1151 470 1199 fine,
503 1148 718 1190 observari.

327 1219 625 1262 Detonnationi
664 1230 715 1259 ex
756 1218 948 1272 oxygonii
974 1227 1015 1256 et
1042 1216 1268 1272 hydrogeni
1297 1225 1399 1258 con-·

266 1290 479 1346 junctione
507 1287 698 1329 oriundae
729 1287 872 1328 tribuit
899 1288 1038 1329 sonum
1081 1289 1262 1338 tonitru;
1303 1299 1397 1327 cum

269 1371 401 1401 autem
446 1359 544 1401 haec
600 1357 834 1411 hypothesis
876 1359 1008 1398 minus
1055 1358 1104 1399 ad
1150 1358 1305 1411 ipsam,
1348 1355 1398 1396 de

270 1434 351 1483 qua
377 1429 558 1483 agimus,
591 1426 786 1467 theoriam
816 1428 1040 1479 pertineat,
1083 1439 1164 1468 non
1195 1438 1397 1479 exponam

271 1498 438 1539 modum
468 1509 551 1550 quo
583 1494 692 1535 illam
722 1497 897 1548 probare
926 1509 1094 1539 conatus
1111 1499 1156 1539 fit
1186 1495 1395 1545 Libes,

270 1580 315 1610 et
351 1569 487 1622 potius
526 1566 575 1607 ad
613 1565 778 1606 alteram
820 1567 939 1622 hujus
981 1566 1160 1608 theoriae
1200 1577 1399 1608 transeam

270 1650 426 1692 partem
457 1650 557 1692 quae
584 1638 680 1692 agit.
1315 1642 1320 1649 ·

552 1766 607 1808 II.
637 1765 707 1807 De
729 1767 886 1821 pluria
915 1766 1106 1821 vulgari.

328 1895 498 1964 Aqfi‘zie,
530 1906 625 1949 solis
656 1907 781 1949 calori
810 1906 1042 1959 expolitae,
1073 1903 1290 1947 nonnullae
1305 1909 1396 1946 mo·
1461 1915 1467 1957 g
1491 1907 1501 1949 2.

270 1979 425 2022 leculae
460 1990 534 2032 per
571 1978 914 2018 vehementiorem
959 1976 1066 2016 hunc
1108 1974 1283 2017 calorem
1327 1974 1394 2015 de-

269 2060 572 2104 componuntur
628 2045 739 2102 (1);
795 2047 896 2088 aliae
940 2058 1135 2100 vaporum
1175 2045 1306 2086 forma
1354 2046 1397 2084 in
1456 2029 1463 2045 ’

1337 2125 1396 2155 at·

311 2192 376 2240 (ι)
399 2192 476 2229 vid.
499 2193 594 2236 huius
617 2193 765 2229 theoriae
785 2194 888 2239 partis
914 2196 956 2229 1⁸e
983 2191 1124 2236 Princip.
1149 2195 1216 2226 2⁸¹².

1474 2096 1491 2132 j.

1462 2242 1481 2275 [τ’
