1519 2729
565 154 598 211 (
653 167 709 212 93
769 149 799 205 )

181 296 293 341 Haec
338 297 469 338 omnia
506 305 570 335 me
598 305 648 332 eo
677 282 853 339 ducunt,
899 284 943 328 'ut
970 286 1107 339 potius
1136 281 1238 322 assu-

127 382 232 411 mem
271 367 415 408 'summi
468 362 740 417 Laplacii
786 360 859 400 hac
900 357 947 397 de
996 366 1038 395 re
1080 353 1240 405 opinio-

125 451 216 480 nem
259 434 351 490 (ι).
438 433 603 481 Posuit,
660 430 823 472 fluidum
879 427 1118 472 elasticum‚
1159 422 1240 462 alio

123 508 333 562 junctum,
375 504 423 544 ab
452 503 531 543 hoc
568 501 734 542 eandem
760 501 845 553 pati
871 499 952 538 vim
981 493 1240 548 repulsivam,

126 589 173 617 ac
221 585 448 629 pateretur,
473 573 658 625 *caeteris
704 569 883 624 paribu5‚
926 580 947 607 a
989 576 1093 605 nova
1130 561 1241 602 fluidi

125 645 302 700 ejusdem
324 655 482 683 naturae
507 642 755 695 quantitate,
787 650 886 693 quae
924 634 1111 676 denfitate
1135 643 1175 672 et
1201 632 1241 672 vi

125 715 289 755 elastica
313 713 407 753 huic
437 710 562 752 fluido
587 720 800 763 aequaret,
832 719 872 748 et
898 706 1084 746 vicissim.

183 782 386 836 Reliqua,
429 793 529 833 quae
568 779 617 819 ad
656 764 770 820 hanc*
792 778 985 818 theoriam
1011 773 1241 827 pertinent,

127 854 290 896 directis
306 863 346 892 et
364 850 578 905 ingeniosis
606 851 786 890 nituntur
808 843 1115 899 experimentis,
1145 853 1242 895 qua-

127 937 170 965 re
209 922 339 971 illam,
384 919 528 973 procul
566 918 717 965 dubio,
760 929 852 957 cum
880 916 968 961 his,
1014 913 1063 954 de
1095 910 1243 966 quibus

129 994 266 1034 monui
307 988 704 1042 modificationibus,
761 983 1033 1024 assumendam
1074 979 1241 1029 censeo,

128 1074 169 1104 et
223 1074 316 1102 vera
354 1071 469 1100 erunt
512 1057 580 1099 Cl
627 1053 867 1096 Fischer
907 1052 1056 1093 verba:
1100 1080 1128 1103 ,‚
1170 1062 1247 1089 un-

127 1162 157 1187 „
186 1142 253 1173 ter
290 1130 365 1171 der
404 1122 777 1181 Naturforsclzern
817 1121 897 1164 hat
925 1115 1148 1163 Niemand
1169 1119 1248 1159 den

128 1231 157 1256 ‚,
170 1198 452 1256 Gegenstand
505 1194 550 1253 so
606 1193 838 1249 volstbindz'g
889 1185 1102 1245 umfaszt,
1165 1185 1253 1228 und

144 1268 319 1325 ,durch
357 1280 496 1323 ganze
533 1264 700 1307 Reihen
737 1250 1000 1315 stnnreiclzer
1040 1255 1250 1314 Verfuclze

129 1369 159 1394 „
129 1300 226 1394 ”sb
265 1350 341 1379 von
384 1338 499 1379 allen
530 1335 674 1378 Seiten
717 1329 975 1380 beleuclctet,
1019 1329 1085 1371 als
1123 1326 1247 1369 Dal-

130 1437 160 1463 „
190 1406 311 1450 ton”
345 1404 437 1460 (2).

177 1531 240 1579 (1)
263 1532 336 1567 Vid.
361 1533 519 1575 Hauy‚
551 1532 573 1567 l.
600 1532 623 1566 1.
647 1531 742 1564 Tom.
771 1530 798 1564 Ι.
825 1536 897 1570 pag.
921 1535 985 1560 200
1008 1526 1103 1569 seqq.

179 1586 242 1636 (2)
263 1588 337 1625 vicl.
361 1589 402 1625 E.
427 1589 470 1623 G.
499 1587 642 1623 Fisch
660 1596 736 1628 er,
774 1585 926 1630 1.1.pag.
948 1592 982 1626 4.

1157 2216 1254 2261 CA-
