1519 2729
557 120 810 182 (103)

121 264 387 318 phaenomeni
427 263 538 306 dedit
573 260 893 316 explicationem
936 257 1109 302 Volta
1138 255 1249 313 (1),

120 346 222 388 quae
253 335 380 388 priori
408 334 666 388 praeferenda
694 333 866 374 videtur.

177 403 356 444 Primum
424 404 628 459 grandinis
674 403 945 444 rudimentum
1010 397 1252 454 producitur

116 486 191 528 per
234 474 354 514 nubis
393 472 765 528 refrigerationem.⁴
843 472 951 514 Cum
993 471 1100 511 enim
1131 469 1252 510 nubis

118 557 140 584 a
170 544 373 597 superiore
402 555 513 596 parte
541 544 664 584 radiis
709 544 803 585 solis
847 540 1035 590 calefiat,
1078 536 1253 579 nonnul-

115 612 178 654 lae
207 613 403 659 veficuiae
433 614 474 653 in
504 626 677 668 vapores
708 613 898 654 clasticos
927 610 1105 657 abeunt,
1145 605 1252 647 cale-

115 682 163 723 fit
204 694 338 737 autem
377 683 664 733 vehementer,
710 685 900 738 quoniam
941 678 1144 735 grandinis
1168 676 1253 718 for-

115 754 241 794 matio
284 752 522 806 plerumque
564 754 706 794 aestate
749 753 887 794 locum
931 750 1090 791 habeat.
1155 747 1249 789 Hac

114 825 239 877 partis
266 823 481 876 superioris
515 825 802 878 evaporatione
831 834 921 876 pars
933 821 1054 861 nubis
1082 819 1280 860 inferior·

114 893 305 948 frigescat
320 895 481 935 necesse
505 905 595 943 est,
627 907 705 948 qua
735 893 1041 947 refrigeratione
1068 889 1252 944 guttulae

114 965 298 1004 oriuntur
327 963 594 1018 congelatae,
640 965 699 1004 uti
729 977 822 1005 curn
848 963 940 1003 nive
967 960 1155 1003 accidere
1189 961 1249 1000 vi-

112 1032 258 1073 dimus.

117 1120 121 1123 ·
169 1101 213 1143 Si
253 1101 336 1156 jam
377 1102 455 1143 alia
493 1104 614 1144 nubis
641 1103 744 1145 infra
766 1105 946 1157 priorem
975 1101 1101 1152 adiit,
1147 1111 1251 1155 quae

112 1172 380 1229 electricitate
395 1204 408 1222 ,
439 1174 604 1215 alterius
620 1174 877 1216 electrieitati
893 1175 1101 1227 opposita,
1134 1184 1249 1226 praee·

113 1243 195 1284 dita
211 1255 298 1293 est,
329 1256 494 1296 oportet
523 1257 569 1285 ut
599 1244 779 1299 guttulae
807 1243 1046 1299 congelatae
1071 1256 1094 1283 a
1119 1243 1252 1296 prima

112 1314 302 1355 nubead
331 1315 494 1356 alteram
525 1314 833 1368 propellantur,
873 1314 1005 1355 donec
1036 1321 1250 1354 contactus

111 1383 254 1425 {ocum
288 1385 462 1434 habeat;
508 1397 591 1426 tum
628 1385 678 1425 ab
720 1384 910 1425 inferiore
953 1385 1062 1426 nube
1107 1384 1157 1424 ad
1187 1382 1250 1423 su-

111 1456 315 1508 periorem
357 1456 632 1509 repellantur,
678 1465 718 1494 et
764 1456 815 1496 sic
861 1467 1002 1508 porro.
1062 1453 1151 1496 Hae
1171 1467 1247 1495 au-

111 1518 201 1565 tem
222 1525 402 1579 guttulae
419 1557 429 1574 ‚
469 1539 561 1567 cum
591 1525 762 1578 spatium
789 1525 895 1566 inter
922 1536 1134 1578 utramque
1174 1536 1248 1564 nu-

112 1596 205 1636 bem
235 1608 498 1647 percurrant,
531 1598 569 1636 in
596 1607 832 1637 contactum
862 1597 1028 1637 veniunt
1055 1608 1146 1636 cum
1173 1603 1241 1634 vai-

113 1666 285 1718 poribus
314 1665 625 1714 vesseularibus,
658 1679 831 1719 quorum
867 1677 1134 1718 temperatura
1168 1666 1243 1704 eti·-

112 1746 175 1774 am
204 1734 319 1775 valde
358 1735 551 1776 diminuta
576 1749 666 1783 est,
712 1738 768 1778 ita
809 1747 877 1786 ut,
909 1738 999 1790 ipso
1027 1747 1245 1783 contactu,

114 1804 154 1844 hi
185 1805 303 1844 ctiam
336 1804 501 1845 solidam
535 1807 739 1859 accipiant
780 1805 982 1853 formam,
1028 1817 1068 1846 et
1097 1806 1246 1858 primas

113 1874 589 1927 guttulasobducantur.
665 1875 752 1916 Hae
781 1871 1060 1923 obductione,
1093 1877 1246 1928 primo·-

114 1955 200 1984 rum
241 1944 444 1998 grandinis
482 1945 799 1986 rudimentorum
841 1945 1031 1986 volumen
1064 1958 1104 1987 ct
1141 1957 1243 1999 pon-

114 2014 188 2054 dus
232 2016 286 2055 ita
329 2027 551 2069 augentur,
605 2026 650 2056 ut
690 2015 816 2069 magis
857 2017 1071 2070 gravitati,
1098 2028 1244 2068 -quam

232 2137 233 2141 Ἰ
267 2087 270 2092 ’
1134 2085 1243 2127 elec·-

157 2158 219 2206 (1)
244 2157 346 2197 eonf.
374 2163 472 2197 Hau
488 2173 510 2206 y
526 2188 536 2204 ,
560 2164 580 2197 1.
607 2174 641 2198 c.
664 2164 808 2198 Tom.1.
832 2173 905 2206 pag.
926 2169 990 2207 49'2
1019 2165 1107 2207 seqq.
