1519 2729
479 185 701 246 (67)

28 331 131 368 inus.
208 327 296 381 Jam
325 339 453 376 vero,
483 337 617 368 nonne
648 329 722 370 hac
749 329 884 371 eadem
913 330 1064 370 ratione
1090 341 1151 371 res

31 396 111 436 sese
139 396 260 436 habet
284 398 323 437 in
350 407 579 437 nostrorum
606 400 800 440 vermium
829 400 982 454 origine
1025 400 1153 453 expli-

31 466 194 506 cando?
225 466 424 507 Ponamus
453 466 577 520 igitur
603 466 781 520 liquores
817 469 1010 521 quosdam
1028 499 1040 518 ,
1084 482 1153 522 ap-

30 546 93 575 tos
122 536 172 575 ad
200 548 353 575 vermes
382 535 696 588 producendOS,
728 538 768 576 in
798 539 997 578 intestinis
1018 538 1155 579 aliisve

28 604 133 644 locis
151 635 162 650 ‚
195 607 299 657 quafi
317 607 356 644 in
372 606 494 645 uteris
514 605 590 645 suis
606 605 762 654 evolvi,
793 607 996 647 nonnullis
1023 619 1154 647 rerum

29 675 99 715 sub
131 674 463 724 circumstantiis,
509 687 608 727 quae
639 676 757 714 etiam
800 677 840 715 in
884 677 1156 728 conceptione

31 744 203 785 aliorum
244 744 473 784 animalium
515 745 653 784 evitari
701 756 917 797 nequeunt.
949 772 994 779 --
1024 745 1156 786 Gene-

28 815 196 856 ratione
234 815 449 867 nequidem
491 826 593 866 opus
623 826 683 853 est
708 813 951 868 Aequlvoca
977 815 1156 868 quamdi,

30 896 73 926 ut
96 886 290 925 vermium
323 883 639 923 rudimentorum
669 883 744 923 five
771 886 994 937 germinum
1024 896 1157 926 ortum

31 954 346 1008 explicaremus,
382 963 421 992 et
443 964 577 1005 neque
594 965 643 992 ex
673 954 968 1005 putrefactione
985 984 997 1003 ,
1028 967 1161 1006 neque

31 1037 80 1064 ex
112 1023 396 1076 qualicumque
425 1021 623 1062 concursu
661 1024 913 1063 materierum
950 1025 1158 1078 organica-

32 1106 117 1134 rum
153 1104 307 1132 vermes
335 1092 533 1131 oriuntur.

88 1163 315 1215 Antequam
357 1174 453 1200 vero
498 1162 546 1201 de
576 1163 638 1202 his
680 1175 870 1217 agamus,
910 1158 1043 1203 fontes
1070 1163 1159 1203 sunt

34 1231 276 1284 quaerendi,
323 1231 390 1283 qui
418 1243 553 1272 revera
589 1231 753 1280 adsunt,
798 1245 847 1273 ex
877 1232 1023 1285 quibus
1059 1233 1155 1272 oriri

34 1301 156 1355 possit
185 1301 366 1340 materies
396 1301 436 1339 in
463 1312 637 1351 corpore
663 1300 848 1349 animali,
880 1314 959 1355 qua
981 1313 1156 1351 vermes,

35 1372 104 1424 qui
133 1382 216 1410 non
245 1369 412 1420 adsunt,
443 1369 616 1422 produci
645 1369 822 1422 possent.

491 1508 515 1560 ς
546 1507 719 1548 XLVu.

95 1650 153 1691 Ut
178 1661 276 1690 vero
293 1647 506 1688 commode
533 1646 801 1701 intelligamus
820 1658 892 1695 ea,
924 1648 965 1687 in
980 1659 1159 1689 anteces-

38 1718 381 1763 summouendum
404 1728 489 1765 est,
522 1728 671 1767 corpus
698 1716 866 1755 animale
891 1720 1082 1770 componi
1108 1731 1160 1759 ex

39 1789 190 1831 duabus
220 1789 417 1840 imprimis
442 1787 615 1826 materiis
632 1815 645 1833 ,
678 1784 814 1825 solidis
840 1798 984 1839 nempe
1008 1799 1048 1828 et
1071 1788 1160 1828 flui-

46 1860 119 1905 dis.
182 1857 264 1899 Has
293 1859 395 1897 inter
426 1856 502 1896 alia
530 1854 618 1896 sunt
641 1856 897 1905 intermedia,
936 1856 1024 1898 illas
1051 1869 1161 1910 aptas

40 1928 269 1976 reddentia,
302 1926 399 1966 utin
430 1924 467 1964 se
497 1926 669 1966 invicem
696 1937 812 1980 agere
826 1926 1018 1980 possent,
1050 1938 1090 1966 et
1106 1928 1159 1967 fic

41 1998 281 2039 oeconomia
306 2006 441 2035 nostra
463 1995 675 2048 perduret,
720 2006 812 2045 aut,
855 2008 899 2036 ut
926 1998 1073 2037 rectius
1101 1995 1159 2036 di-

43 2082 159 2117 cam,
205 2078 247 2107 ut
275 2066 514 2106 oeconomia
540 2065 676 2106 locum
708 2065 880 2115 habeat,
922 2078 1011 2106 nam
1046 2066 1161 2107 aliter

44 2140 272 2187 functiones
301 2139 375 2178 rite
403 2137 538 2191 peragi
569 2134 716 2188 posse,
748 2134 866 2175 nobis
891 2135 1160 2188 improbabile

43 2210 211 2250 videtur.
273 2207 380 2248 Inter
406 2206 474 2246 has
504 2207 685 2246 materies
722 2205 917 2260 imprimis
952 2207 1160 2247 nominan-

575 2273 609 2313 E
645 2288 667 2314 2
1089 2275 1162 2315 dus
