1519 2729
719 184 969 240 (100)

287 326 387 368 haec
430 327 635 378 utriusque
676 324 790 377 regni
829 324 975 365 invidia
1017 331 1222 375 perpetua.
1299 319 1400 361 Post

285 395 465 440 exsilium
497 406 593 435 vero
622 391 945 443 Babylonicum,
978 402 1125 432 mutata
1152 389 1399 443 in,Jehovae

282 465 439 506 cultum
466 462 727 511 idololatria,
759 464 896 504 manfit
933 463 1031 503 haec
1059 460 1196 500 eadem
1219 458 1400 499 Hebrae-

282 534 317 574 is
344 533 491 574 invidia
519 544 559 572 et
588 530 835 581 aemulatio,
881 543 920 572 et
950 539 1232 572 concertarunt
1259 527 1307 568 de
1336 538 1399 567 re-

283 604 359 644 bus
386 603 504 644 sacris
529 603 632 641 inter
661 599 698 640 se
726 599 882 654 semper
912 601 1145 642 Samaritani
1180 610 1299 651 atque
1327 596 1404 650 Ju-v

282 672 401 723 daei:‚
446 684 486 711 et
523 670 602 711 fuit
641 669 721 709 hoc
760 667 1005 722 Judaeorum
1045 670 1087 708 in
1129 667 1398 708 Samaritanos

282 742 423 783 odium
450 739 693 782 simillimum
723 739 786 788 ei,
818 738 929 792 quod
965 738 1094 779 fuerat
1133 736 1231 777 olim
1273 735 1401 776 lsrae-

282 811 445 853 litarum
474 821 568 864 erga
591 807 778 862 Judaeos.
852 807 932 849 Cui
971 807 997 848 fi
1027 804 1192 846 addatur
1226 803 1401 845 aemula·

285 883 346 921 tio
373 880 572 928 maxima,
617 890 718 931 quae
746 878 966 918 intercessit
1004 875 1175 930 Judaeos
1203 875 1306 914 inter
1330 872 1406 913 Pa-·

286 948 543 991 laestinenses
588 959 708 1001 atque
764 948 1022 1001 Aegyptios,
1080 946 1149 997 qui
1206 941 1402 996 templum

288 1018 640 1071 Heliovpol'rtanum
673 1016 843 1069 adibant*
862 1013 973 1069 (a),
1003 1025 1187 1055 cernetur
1212 1012 1405 1066 profecto

287 1088 332 1127 in
374 1088 435 1127 his
476 1087 626 1127 summa
665 1096 703 1125 et
741 1086 997 1139 antiquorum
1040 1082 1321 1124 Hebraeorum
1364 1092 1406 1121 et

283 1155 528 1210 Judaeorum
548 1155 822 1195 recentiorum
855 1155 962 1195 circa
986 1152 1225 1207 religionem
1255 1151 1405 1194 indolis

285 1225 519 1266 fimilitudo.

345 1293 507 1335 Deinde
562 1293 588 1333 fi
632 1292 848 1334 affectuum
891 1292 1184 1333 vehementiam
1226 1291 1404 1333 attendas

285 1375 328 1405 et
352 1365 473 1404 animi
501 1364 795 1415 pervicaciam,
828 1361 966 1403 eadem
992 1363 1166 1402 cernitur
1195 1360 1406 1402 Hebraeo-

285 1447 374 1476 rum
403 1432 559 1473 indoles
587 1433 627 1472 in
656 1442 902 1472 commutata
942 1430 1074 1472 cultus
1116 1430 1244 1471 divini
1280 1433 1404 1472 ratio-

286 1514 351 1543 ne.
436 1490 544 1542 Ante
601 1500 780 1541 exfilium
820 1501 926 1541 enim
968 1502 1009 1540 in
1063 1500 1184 1541 idolis
1223 1501 1406 1542 colendis

288 1572 440 1613 summa
497 1573 673 1612 cernitur
707 1561 929 1611 'affectuum
984 1569 1234 1611 vehementia
1286 1582 1406 1625 atque

288 1643 529 1694 pervicacia.
608 1640 771 1681 Etenim
811 1640 1008 1694 quidquid
1051 1641 1169 1681 variis
1212 1642 1406 1694 tempori-

289 1712 365 1752 bus
393 1712 557 1752 mohtus
584 1710 685 1751 esset
707 1710 849 1760 Deus,
888 1721 934 1750 ut
963 1709 1173 1751 Hebraeos
1198 1710 1248 1750 ab
1285 1709 1407 1751 idolis

287 1780 472 1821 colendis
500 1791 723 1828 averteret,
755 1791 837 1820 non
867 1790 917 1818 eo
942 1778 982 1818 id
1009 1778 1161 1828 valuit,
1199 1791 1243 1820 ut
1272 1781 1404 1834 pervi-

288 1862 406 1891 caces
436 1862 575 1890 eorum
613 1851 732 1889 animi
762 1848 1052 1902 frangerentur.
1113 1848 1220 1890 Tota
1259 1849 1405 1891 consti·
1463 1901 1466 1905 .

289 1920 394 1959 tutio
435 1918 620 1960 Mosaica
663 1917 827 1958 salutem
864 1917 1142 1959 Hebraeorum
1183 1919 1402 1972 spectabat.

288 1987 615 2028 Praesentisfimis
658 1989 847 2040 praemiis
889 2001 959 2028 eos
999 1987 1113 2029 Deus
1154 1989 1202 2029 ad
1248 1989 1286 2029 se
1314 1988 1404 2029 alli-

288 2057 451 2106 ciebat,
483 2056 584 2100 mala
609 2057 863 2112 gravissumi,
894 2057 1074 2100 exfilium
1112 2056 1212 2099 adeo
1251 2059 1299 2099 iis
1328 2060 1404 2115 mi·-

1334 2141 1406 2173 na·
1464 2128 1466 2131 ’

334 2199 398 2248 (a)
423 2202 522 2238 Conf.
548 2203 770 2248 Muntinghe,
801 2207 825 2242 Ι.
847 2207 870 2241 1.
898 2206 940 2241 T.
964 2204 1062 2243 ‚VHL
1085 2214 1120 2248 p.
1139 2205 1226 2275 380.
