1519 2729
729 184 770 250 ‚<
827 186 965 242 48)

294 339 298 341 Δ
348 322 471 381 'Quae
503 336 596 366 cum
628 324 741 366 esser
761 323 965 369 Persarum
994 325 1139 381 religio
1167 337 1189 367 a
1218 325 1408 381 polythe‘-

294 394 400 436 ismo
445 395 550 437 haud
589 395 746 444 aliena,
794 409 968 451 cumque
1009 396 1148 437 Persae
1201 386 1405 439 id‘olorum

295 464 450 506 cultum
479 467 778 515 aversarentur,
819 469 972 520 quippe
1002 466 1281 521 agrestiores5
1302 467 1407 508 haud

295 536 506 584 miramur,
539 535 695 577 nullum
726 537 936 593 memorari
966 535 1194 589 populum,
1227 539 1296 590 qui
1311 536 1413 577 Per:

294 605 421 647 sarum
450 606 649 660 religione
680 598 911 648 commotus
940 605 1209 646 idololatriam
1232 606 1406 660 relique—

291 677 360 718 rit.
404 675 524 717 Suam
539 676 778 732 religionem
796 677 997 717 servarunt
1019 675 1242 729 Aegyptii,
1273 674 1406 715 Phoe—

292 747 436 796 nices,
469 746 648 797 Graeci,
690 746 839 801 aliique
879 743 1023 799 populi
1053 743 1177 785 Perfis
1209 744 1407 798 subjecti,
1464 793 1466 796 ἱ

292 827 352 874 etv
374 818 482 876 inter
525 830 629 871 quos
674 816 1029 858 commorabantur
1078 812 1285 864 Hebraei,
1337 814 1408 855 ab·

293 886 507 927 horrentes
537 887 621 928 fere
652 901 673 928 a
700 887 906 928 Persarum
934 885 1162 939 religione,
1195 886 1409 938 quaeipsis

293 956 490 997 incultior
514 957 729 998 videretur.
804 955 917 1011 Quid
945 956 1098 1009 igitur?
1145 953 1411 995 Hebraeosne

295 1026 548 1067 censebimus
578 1027 686 1068 solos
722 1026 823 1068 illud
850 1024 933 1065 esse
960 1026 1165 1072 imitatos,
1211 1024 1323 1077 quod
1348 1035 1410 1065 re·-

288 1094 490 1149 >spuebant
517 1108 695 1137 caeterae
727 1108 867 1151 gentes
904 1095 1077 1135 omnes‘«.>
1123 1093 1253 1133 Immo
1282 1107 1412 1145 vero,

293 1179 415 1218 quam
454 1164 694 1220 religionem
733 1166 806 1218 ipfi
846 1163 1095 1216 reliquerunt
1151 1161 1321 1213 Persae,
1367 1175 1415 1205 ut:

291 1236 400 1290 ignis
427 1231 603 1288 solisque
631 1236 825 1290 imagines
865 1231 1082 1286 pluresque
1116 1230 1234 1272 Deos
1261 1232 1411 1274 Medo-

292 1317 381 1346 rum
407 1306 562 1346 ratione
593 1303 802 1354 colerent,
849 1304 1047 1344 hanccine
1077 1301 1202 1354 ipsam
1228 1301 1410 1353 dicemus

291 1387 344 1415 eo
371 1374 578 1415 adduxisse
602 1372 811 1414 Hebraeos
828 1403 840 1415 ,
872 1384 916 1413 ut
945 1386 967 1412 a
993 1371 1272 1424 polytheismo
1300 1385 1411 1413 rece-

293 1443 433 1484 derent
448 1473 460 1492 ‚
491 1452 713 1496 puramque
742 1454 781 1483 et
805 1455 898 1484 vere
921 1441 1147 1482 Mosaicam
1168 1441 1412 1497 religionem

280 1512 633 1566 'amplecterentur
647 1513 669 1553 ⁶?
1389 1558 1394 1562 v

350 1574 508 1630 Porro,
565 1581 844 1622 Hebraeorum
891 1579 1131 1636 religionem·
1184 1582 1209 1623 fi
1252 1579 1407 1635 spectes

293 1664 390 1706 post
416 1651 596 1694 exsilium
624 1651 944 1703 Babylonicum,
974 1651 1075 1692 nihil
1106 1653 1283 1692 invenias
1322 1665 1408 1693 mu-

294 1735 367 1764 tuo
404 1712 626 1763 desumtmii
670 1722 719 1762 ab
764 1722 857 1775 ipsis
899 1721 1102 1762 Persarum
1136 1721 1408 1762 Medorumve
1457 1738 1460 1742 ·

292 1786 487 1847 placitis,v
508 1805 591 1846 quo
620 1791 669 1832 ab
698 1791 930 1833 idololatria
955 1793 1144 1842 avocari,
1176 1802 1217 1832 et
1243 1791 1293 1831 ad
1321 1793 1410 1832 uni-

1363 1875 1411 1902 us

293 1978 375 2011 sunt·
396 1978 450 2010 Sol
479 1985 514 2010 et
540 1977 625 2020 Ignis
650 1975 774 2009 Divino
796 1972 926 2011 honore
954 1975 1108 2016 colendi,
1143 1984 1177 2010 et
1207 1985 1291 2019 quae
1334 1975 1408 2010 sunt

295 2035 387 2077 plura
427 2035 545 2077 piacita
578 2033 730 2074 religioni
768 2033 932 2067 Mosaicae
970 2035 1099 2078 prorsus
1141 2034 1326 2074 contraria,
1367 2041 1409 2074 eo

296 2098 392 2123 certe
435 2091 545 2122 valere
569 2099 633 2122 non
662 2098 840 2131 poterant,
879 2099 915 2124 ut
951 2082 1124 2123 Hebraeos
1149 2090 1187 2122 ab
1219 2089 1409 2129 idolorum,

296 2146 507 2189 pluriumque
528 2146 678 2179 Deorum
708 2147 800 2181 cultu
828 2155 1018 2180 avocarent.
1041 2147 1178 2179 Heeren
1194 2171 1205 2188 ,
1243 2147 1265 2182 1.
1290 2147 1312 2180 1.
1333 2155 1409 2188 pag.

297 2203 362 2247 465
379 2223 392 2229 -
407 2204 485 2246 483.
