1519 2729
740 192 964 251 (78)

288 331 410 370 etiam
467 331 551 371 vim
586 329 786 373 habebant
825 334 871 374 in¹
910 331 1187 374 Hebraeorum
1234 334 1419 384 animos,

288 399 615 454 quandoquidem
640 413 666 440 a
691 403 904 457 prophetis
921 403 1079 444 vicibus
1095 404 1278 456 repetitis
1306 416 1420 455 prae-

288 471 398 512 dicta
437 469 598 510 fuerant
631 468 728 523 (a).
816 473 958 514 Moses
993 473 1074 527 jam
1120 474 1278 526 tenipus
1319 472 1421 513 illud

287 541 562 595 praeviderat,
613 555 697 596 quo
739 554 873 585 tantae
920 555 1075 596 poenae
1117 542 1172 583 ob
1215 540 1418 583 idolorum

287 611 544 665 pluriumque
575 611 759 655 Deorum
791 611 945 654 cultum
972 613 1022 653 ab
1058 611 1250 653 Israelitis
1289 611 1421 652 essent

287 681 498 724 sumendae
524 680 616 735 (b).
677 683 808 739 Quod
831 690 927 722 'cum
957 681 1114 722 tandem
1146 694 1305 736 praeter
1332 694 1419 722 om·

285 763 379 792 nem
411 751 521 804 spem
549 752 727 803 adesset,
758 766 841 795 non
871 761 1060 805 poterant
1085 763 1167 792 non
1195 763 1419 806 agnoscere

285 824 510 877 potentiam
526 823 729 874 divinam,
762 835 893 879 quae,
925 821 1036 874 quod
1063 821 1331 874 praedixerit,
1359 834 1420 861 ra-

285 903 371 934 tum
415 893 549 936 faciat.
609 894 757 949 Neque
797 892 900 936 illud
939 890 1046 932 casui
1086 903 1153 932 aut
1181 893 1419 948 peregrino·

285 975 373 1004 rum
401 961 586 1005 Deorum
616 967 823 1017 potentiae
849 961 1074 1004 adscribere
1102 973 1303 1015 poterant.
1350 959 1418 1013 Ip-

284 1033 334 1073 fis
375 1034 482 1085 enim
521 1034 747 1086 persuasum
783 1045 895 1082 erat,
945 1032 1204 1072 monentibus
1238 1029 1418 1085 prophe·

284 1102 365 1150 tis,
393 1102 591 1157 jehovam
619 1107 850 1160 peregrinas
874 1102 1067 1143 excitasse
1097 1113 1269 1156 gentes,
1315 1112 1418 1154 quae

282 1172 405 1226 ipfius
442 1173 553 1228 jussu
593 1186 634 1215 et
673 1178 781 1228 quafi
817 1175 943 1215 ductu
973 1172 1045 1214 fibi
1072 1184 1224 1225 poenas
1260 1170 1435 1231 inflige-l

280 1253 371 1283 rent
397 1241 487 1296 (c).
548 1242 645 1298 Qua
673 1244 722 1285 de
752 1257 796 1285 re
822 1245 894 1285 nifi
921 1255 1037 1283 antea
1078 1242 1273 1283 admoniti
1314 1241 1416 1282 fuis·

281 1312 368 1353 sent
404 1325 428 1353 a
466 1312 708 1366 prophetis,
754 1325 906 1357 tantum
947 1313 1115 1361 aberat,
1160 1323 1204 1353 ut
1230 1311 1412 1354 exfilium

280 1381 579 1434 Babylonicum
607 1384 863 1425 idololatriae
892 1383 990 1423 fines
1018 1382 1216 1437 posuisset
1233 1413 1246 1433 ‚
1277 1391 1322 1422 ut
1347 1381 1415 1436 Je-

279 1451 429 1492 hovam
446 1482 459 1502 ,
490 1466 513 1492 a
540 1454 842 1506 potentioribus
868 1453 1024 1495 scilicet
1051 1451 1146 1493 Diis
1175 1453 1380 1494 devictum
1399 1482 1414 1501 ‚

280 1520 542 1562 deseruissent
582 1523 743 1575 potius,
786 1523 1047 1580 aliorumque
1090 1522 1281 1565 Deorum
1311 1533 1414 1564 tute-

279 1589 358 1630 lam
390 1591 643 1632 invocassent
673 1591 770 1647 (d).

338 1660 488 1702 Verum
529 1662 735 1703 enimvero
765 1663 872 1705 solae
912 1664 1188 1712 calamitates,
1231 1664 1416 1718 quamvis

279 1741 300 1770 a
325 1731 539 1785 prophetis
565 1732 657 1786 plus
679 1733 800 1775 semel
828 1734 1057 1789 praedictae
1074 1763 1087 1784 ,
1119 1745 1202 1774 non
1240 1746 1327 1774 eam
1344 1735 1411 1774 ha-

1310 1805 1407 1845 bue-

324 1933 387 1980 (ιι)
425 1937 650 1981 Muntitighe,
687 1939 710 1974 1.
752 1940 776 1975 1.
813 1940 855 1975 Τ.
895 1940 990 1974 VIII.
1013 1949 1087 1983 pag.
1116 1940 1172 1983 67.
1194 1939 1407 1982 Niemcyer.

279 1992 300 2027 1.
329 1993 351 2026 1.
380 1994 422 2028 T.
440 1995 483 2029 V.
509 2005 583 2039 pag.
609 1996 683 2030 182.

324 2048 384 2094 (b)
424 2052 534 2086 Levit.
563 2054 681 2086 XXVI:
712 2062 752 2096 14
767 2073 780 2079 -
797 2062 851 2096 39.
875 2052 980 2087 Deut.
1005 2052 1062 2085 IV:
1084 2063 1127 2096 24
1142 2072 1155 2080 -
1170 2062 1224 2095 29.
1258 2052 1410 2087 XXVIII:

281 2117 318 2150 15
338 2129 351 2135 -
366 2110 420 2144 68.
445 2109 565 2143 XXIX:
590 2120 630 2143 22
651 2121 731 2153 -29.
760 2110 898 2144 XXXII:
921 2119 961 2151 19
977 2129 989 2134 -
1005 2109 1059 2142 28.

323 2162 379 2208 (c)
403 2165 526 2209 Ierem.
555 2166 656 2199 XXV:
682 2169 699 2201 8
717 2187 730 2194 -
749 2176 800 2200 11.
828 2167 868 2199 V:
893 2172 931 2206 15
950 2182 963 2189 ·
981 2173 1034 2208 19.
1058 2163 1146 2199 XVI:
1175 2175 1227 2209 9·
1244 2173 1299 2207 14.

323 2218 386 2266 (d)
409 2221 512 2256 'reste
542 2222 635 2268 JesaJ'.
660 2222 816 2258 XLVIII:
849 2231 862 2257 1
882 2241 895 2248 -
912 2228 966 2255 11.

1518 1885 1519 1901 z

1500 1911 1511 1919 ²
1517 1908 1519 1934 1

1516 1945 1519 1967 4
