1519 2729
511 156 570 217 *ζ
631 173 709 218 135
764 160 801 214 >-

97 306 289 349 peccatur
331 309 472 338 contra
509 297 742 353 dignitatem
796 311 889 341 cum
934 296 1097 339 homine
1148 308 1216 337 na-

97 379 201 418 tam,
233 381 302 409 aut
328 382 469 411 contra
499 371 631 411 bonos
666 381 800 410 mores
840 368 1031 416 illorum,
1062 367 1132 420 qui
1159 366 1219 407 le-

95 438 215 492 gibus
249 440 428 480 civitatis
456 441 576 481 facile
603 452 754 480 morem
784 449 954 493 gerunt3
986 437 1083 477 boni
1110 438 1218 477 enim

95 507 158 547 illi
186 507 255 550 sua
285 509 426 561 sponte
455 510 495 551 id
524 510 760 564 perficiunt,
793 509 904 562 quod
933 508 1085 548 civitati
1123 520 1219 560 pro-

97 575 214 627 dest,
272 590 348 619 nec
391 579 601 621 laeduntur
629 578 816 633 legibus,
871 590 972 631 quae
1014 576 1118 617 idem
1156 577 1220 630 ju-

98 646 224 695 bent,
279 649 390 701 quod
440 651 511 702 ipfi
557 651 645 692 suae
698 649 862 689 rationis
915 648 1085 699 imperio
1138 647 1219 700 jam

97 717 371 770 perfecerunt.
461 719 568 761 Solis
623 719 745 772 igitur
771 720 778 722 “
801 716 914 757 malis
962 717 1071 771 leges
1125 717 1220 758 scri-

99 787 275 836 buntur,
330 788 477 841 quibus
517 790 571 830 ita
615 787 784 828 facultas
835 787 1022 827 adimitur
1068 787 1221 827 civitati

98 857 289 896 nocendi.
347 856 585 896 Primarium
602 857 737 908 itaque
770 855 1046 896 Sulzerus
1072 856 1222 897 assum-

98 925 189 967 fisse
216 924 374 966 videtur
406 926 683 978 principium3
728 927 920 978 quaedam
955 926 1081 968 officia
1119 924 1222 979 legis

98 995 232 1037 civilis
249 996 420 1048 imperio
437 994 555 1046 posse
575 993 781 1042 submitti³
813 995 890 1035 alia
917 1009 1014 1036 vero
1029 1008 1109 1035 non
1126 1007 1223 1046 pos-

98 1064 169 1115 se:,
206 1065 378 1106 aliorum
406 1065 627 1106 officiorum
655 1065 928 1105 necessitatem
955 1065 1005 1105 ab
1035 1064 1223 1105 omnibus

98 1136 304 1189 perspici,
350 1134 427 1176 alia
467 1133 628 1175 demum
671 1137 868 1189 cognosci
899 1136 948 1175 ab
989 1147 1066 1184 eo,
1104 1146 1126 1173 a
1153 1147 1223 1174 cu-

94 1206 159 1258 jus
211 1205 397 1260 singulari
439 1205 674 1246 conditione
721 1217 862 1245 eorum
917 1204 1225 1256 implementum

97 1277 261 1328 pendet.
322 1274 435 1316 Haec
477 1276 611 1327 itaque
639 1275 904 1327 imperfecta,
947 1275 1016 1315 illa
1044 1274 1226 1328 perfecta

100 1345 231 1386 officia
260 1346 410 1385 merito
439 1343 601 1384 dixeris,
675 1343 963 1398 Quodcunque
991 1344 1058 1386 lex
1080 1345 1223 1399 jubet,

96 1426 148 1456 ex
176 1415 381 1456 sanctione
408 1413 502 1462 sua,
524 1456 527 1457 ⁷
548 1426 626 1466 qua
662 1426 796 1454 carere
835 1425 917 1453 non
947 1414 1095 1462 debet,
1139 1415 1225 1467 peti

98 1496 236 1538 potest
258 1497 329 1537 per
356 1485 462 1533 vim,
491 1495 573 1522 non
606 1483 769 1535 quidem
798 1483 1043 1524 arbitrariam
1069 1496 1136 1524 aut
1175 1496 1226 1524 ex

95 1554 183 1607 jure
210 1554 392 1594 fortioris
434 1551 690 1605 profectam,
744 1552 813 1594 sed
855 1566 956 1607 quae
991 1555 1145 1595 ratione
1185 1565 1225 1594 et

98 1624 278 1664 bonitate
307 1624 542 1664 admittitur.
1042 1672 1045 1675 Δ

158 1693 266 1734 Hinc
295 1693 434 1734 lucido
464 1704 600 1745 patere
646 1692 745 1734 dicit
790 1693 1095 1742 Sulzerus‚
1143 1695 1225 1734 vim

102 1776 305 1817 nunquam
332 1762 514 1803 adhiberi
540 1761 658 1816 posse
686 1764 756 1805 nisi
785 1764 825 1803 in
855 1765 902 1804 iis
929 1765 1110 1813 cafibus,
1154 1763 1226 1804 ubi

100 1832 196 1883 ille,
243 1844 364 1885 penes
405 1844 524 1884 quem
564 1845 624 1873 est
662 1834 744 1872 vim
773 1833 1000 1875 instituendi
1029 1833 1224 1882 facultas,

100 1914 215 1944 certo
256 1901 380 1951 sciat,
423 1901 465 1941 id
508 1902 620 1955 quod
660 1904 791 1955 petit,
828 1903 942 1944 alteri
986 1905 1069 1945 esse
1101 1905 1227 1945 offici-

100 1985 194 2021 um,
241 1972 309 2024 qui
352 1970 392 2011 id
435 1971 655 2013 recusando
709 1983 845 2027 ageret
874 1961 1056 2028 ⁷injuste.
1146 1974 1227 2015 Ce-

101 2043 288 2094 teroqnin
318 2041 403 2088 viS‚
439 2053 556 2095 quam
589 2043 849 2093 adhiberem,
881 2043 1026 2097 injusta
1055 2043 1156 2084 esset
1186 2055 1227 2085 et

99 2111 401 2154 inconsiderata.
467 2109 622 2160 CQntra
652 2110 863 2154 absurdum
889 2112 992 2155 esset
1030 2115 1228 2170 cujusque

1164 2195 1225 2226 re*
