1519 2729
625 150 848 210 (6¹)

191 299 260 343 Sic
303 298 429 339 oritur
469 296 581 349 rigor
623 291 693 333 ille
737 304 777 333 et
819 290 1085 333 inhumanitas
1143 298 1313 336 eorum,

183 371 260 423 -qui
287 379 426 409 omnes
470 363 601 406 sensus
644 363 908 416 opprimunt,
954 373 1025 401 eos
1062 360 1205 407 etiam,
1247 359 1316 411 qui

190 438 392 480 societatis
427 433 540 475 saluti
568 432 755 473 inservire
783 431 940 480 solent,
986 431 1054 484 qui
1093 431 1145 470 ita
1171 440 1221 469 ne
1248 428 1320 467 be-

190 507 442 548 nevolentiae
470 502 632 558 quidem
663 513 730 542 aut
761 500 1080 548 misericordiae,
1111 498 1176 539 vel
1203 507 1320 553 grato

183 578 315 619 -animi
348 574 474 616 sensui
505 586 598 628 erga
627 570 852 613 beneficum
871 600 884 619 ,
925 568 1149 624 indulgent.

248 648 365 689 Alter
379 659 478 687 vero
507 644 753 697 mysticismo
784 642 990 689 imbutuS,
1021 640 1175 679 ratione
1205 647 1321 690 pror·

193 719 255 760 sus
270 716 485 772 neglecta,
509 715 664 756 nonnifi
692 711 802 755 sensu
831 711 868 751 se
899 710 991 750 duci
1015 709 1195 762 patitur,
1228 707 1323 746 huic

192 790 260 830 uni
291 786 500 841 indulget,
532 785 612 825 hoc
639 784 767 824 utitur
795 780 1078 828 moderatore,
1123 789 1163 818 et
1191 778 1244 817 ita
1273 775 1324 815 ad

193 872 259 911 my
268 858 487 899 sticismum
503 855 658 907 rapitur
672 867 685 902 ;
717 852 950 891 societatem
965 850 1089 904 igitur
1102 847 1294 899 relinquit
1308 875 1322 894 ,

190 928 395 969 societatis
423 923 547 964 studia
572 922 753 975 reprimit
770 951 782 970 ,
815 921 1100 961 humanitatem
1123 917 1324 972 negligit,

144 998 147 999 ’
189 999 232 1037 in
263 993 518 1037 solitudinem
548 1001 588 1030 et
617 989 769 1030 deserta
796 990 834 1029 se
865 989 1054 1038 confert,
1086 999 1126 1028 et
1156 988 1210 1026 ita
1235 986 1324 1025 iuu-

191 1066 274 1109 tilis
296 1062 458 1120 prorsus
487 1060 724 1102 humanitati
752 1059 899 1100 evadit.

247 1135 362 1178 Haec
391 1134 481 1175 satis
508 1130 746 1172 confirmare
778 1128 992 1176 videntur,
1035 1138 1154 1180 quam
1183 1138 1325 1168 neces-

190 1205 334 1248 sarium
362 1205 407 1246 fit
433 1211 691 1254 utrarumque
726 1200 847 1240 animi
875 1198 1114 1239 facultatum
1153 1196 1325 1250 aequili-

190 1276 353 1324 brium,
399 1285 439 1314 et
473 1272 619 1327 quanta
649 1270 840 1325 sapientiai
867 1269 934 1309 usa
960 1267 1081 1308 fuerit
1105 1266 1175 1306 illa
1204 1278 1319 1307 natu-

189 1358 259 1394 ra,
305 1356 435 1399 quae,
468 1336 512 1385 ut
543 1340 903 1394 finespropofitos
932 1336 1233 1390 assequeretur,
1280 1338 1353 1382 in,

191 1416 356 1457 homine
395 1413 516 1454 talem
559 1410 765 1453 constituit
805 1410 950 1449 virium
978 1407 1322 1461 proportionem,

190 1484 321 1538 qualis
363 1484 517 1537 optime
556 1480 792 1522 humanitati
834 1479 1057 1529 conducit,
1104 1490 1223 1531 quam
1254 1478 1325 1532 qui

189 1553 363 1609 negligit
389 1554 429 1592 in
459 1553 575 1605 peius
605 1551 803 1591 continuo
832 1551 925 1591 ruit.

249 1622 446 1677 Quamvis
483 1622 650 1662 rationis
689 1619 902 1662 facultates
943 1619 1199 1673 praeclarae,
1239 1617 1327 1658 sen-

192 1692 256 1734 sus
298 1703 502 1745 praeterea
538 1691 693 1743 optime
735 1691 987 1743 comparati,
1033 1690 1189 1730 homini
1219 1690 1325 1728 ines-

195 1762 309 1812 sent,
353 1761 423 1802 nifi
462 1772 593 1801 tamen
622 1761 720 1802 haee
756 1759 869 1802 fimul
898 1761 937 1800 in
968 1759 1216 1800 voluntatem
1242 1761 1326 1798 vim

193 1832 302 1873 suam
349 1843 569 1879 exercere,
611 1843 782 1883 eamque
823 1830 873 1871 ad
910 1830 1109 1885 agendum
1150 1831 1326 1870 excitare

193 1901 386 1956 possent,
419 1900 528 1942 nulla
554 1900 638 1943 fere
667 1901 835 1941 rationis
869 1911 910 1942 et
936 1894 1066 1941 sensus
1103 1899 1224 1941 nobis
1265 1912 1327 1940 es·

192 1973 252 2014 set
281 1972 447 2013 utilitas.

251 2043 444 2092 Ἐνεργείᾳ
472 2043 578 2092 enim
608 2040 677 2082 illa
705 2043 776 2084 nisi
803 2040 1004 2095 praeditus
1029 2042 1131 2082 esset
1175 2040 1326 2089 homo,

194 2113 364 2170 pulchre
404 2113 628 2165 comparari
673 2111 810 2167 posset
860 2125 952 2153 cum
993 2112 1188 2166 navigio,
1224 2110 1326 2151 velis

194 2180 393 2238 remisque
441 2182 651 2233 destituto,
698 2183 864 2223 inmari
904 2181 1149 2236 tranquillo,
1192 2193 1327 2233 neque

1231 2250 1327 2292 ideo
