1519 2729
701 195 924 252 (52)

247 334 430 390 pestate,
461 344 503 374 et
529 344 625 387 post
664 335 937 389 gravissimum
972 333 1122 389 frigus,
1159 332 1378 385 hybernam

245 418 389 458 mortis
416 414 629 472 imaginem
660 417 790 458 adhuc
817 418 872 457 ita
898 416 1110 458 referentia
1127 445 1140 466 ,
1176 427 1221 456 ut
1246 415 1294 456 de
1320 417 1379 455 vi-

247 509 287 540 ta
330 499 535 540 nonnullis
574 499 722 553 plantis
773 499 950 540 reditura
988 499 1103 540 valde
1143 494 1379 539 metuamus.

246 582 328 624 Sed
366 584 546 638 ingratus
587 583 663 622 iste
693 581 825 623 sensus
855 581 1027 623 suaviter
1055 580 1377 634 temperabitur,

247 678 341 706 cum
385 677 425 705 et
463 678 485 706 a
527 664 745 706 clarisfimo
787 665 896 705 horti
934 663 1146 718 praefecto
1174 662 1380 716 acceperi-

245 761 360 796 mus,
405 748 608 802 insigniter
650 747 722 801 ipfi
765 758 922 787 auctam
952 746 1036 786 esse
1067 745 1224 786 suarum
1254 757 1381 798 opum

246 831 492 870 terrestrium
519 831 709 882 copiam,
741 840 782 869 et
811 828 955 870 eodem
988 828 1092 869 duce
1129 825 1380 881 perhumano

244 913 467 966 apothecas
496 911 658 967 ingresfi
689 910 911 960 fuerimus,
958 911 998 951 in
1023 910 1172 964 quibus
1214 909 1381 951 facticia

246 995 441 1049 quaedam
483 1005 609 1035 aestas
646 995 769 1034 vitam
811 1005 972 1034 naturae
1009 993 1263 1034 conservavit
1290 1005 1380 1046 per-

247 1089 425 1132 petuam.
509 1077 672 1117 Abituri
711 1088 810 1118 vero
848 1076 1108 1129 suspiciemus
1153 1074 1380 1116 mirabilem

244 1160 443 1213 praefecti
474 1172 610 1200 curam
627 1189 639 1209 ,
671 1160 742 1212 qui
770 1157 999 1199 valedicens
1029 1157 1139 1212 spem
1164 1159 1284 1199 etiam
1306 1170 1380 1198 no-

245 1243 310 1284 bis
335 1241 485 1292 faciat,
514 1241 603 1282 fore
632 1252 677 1281 ut
706 1242 887 1298 omnium
914 1252 1047 1281 rerum
1065 1270 1078 1289 ,
1123 1252 1226 1294 quae
1253 1240 1381 1281 horto

244 1326 558 1375 contineantur,
601 1334 813 1366 accuratus
855 1323 976 1364 index
1007 1323 1251 1378 propediem
1281 1336 1377 1378 pro-

249 1408 356 1449 deat.
388 1426 435 1437 —

299 1489 458 1531 *Verum
513 1490 759 1550 enimvero,
809 1500 877 1530 aut
918 1488 1040 1530 fallor
1090 1489 1380 1540 vehementer,

247 1573 301 1614 A.
332 1571 384 1612 A.
411 1583 479 1612 aut
507 1572 596 1612 sunt
619 1584 795 1613 vestrum
818 1571 1035 1622 nonnulli,
1068 1586 1173 1626 quos
1201 1572 1383 1627 aliquan·

249 1655 380 1697 tulum
435 1655 663 1709 fatigaverit
710 1654 956 1695 Academica
1005 1656 1081 1696 ista
1129 1655 1382 1706 ambulatio,

249 1739 395 1794 cuju8,
426 1737 567 1791 rapido
594 1737 697 1790 pede
723 1737 1041 1790 brevissimoque
1071 1739 1266 1791 temporis
1296 1739 1385 1792 spa-

251 1823 311 1862 tio
353 1833 426 1874 per
464 1819 557 1861 loca
598 1819 744 1873 procul
780 1833 802 1860 a
831 1819 954 1860 semet
982 1821 1156 1861 invicem
1188 1821 1386 1874 disjuncta

249 1903 487 1953 faciendae,
530 1903 725 1956 quaedam
769 1902 955 1955 imposita
1013 1896 1119 1943 esset
1158 1903 1384 1944 necessitas.

253 1986 311 2026 At
353 1985 514 2034 habeo,
535 2011 537 2014 .
555 1998 638 2038 quo
669 1998 739 2025 eos
767 1986 971 2025 recreem!
1019 1984 1151 2025 Immo
1193 1998 1290 2026 vero
1317 1986 1386 2026 ha-

255 2069 337 2109 beo
355 2098 368 2117 ,
400 2081 482 2121 quo
507 2081 581 2108 vos
608 2080 747 2108 omnes
776 2067 988 2116 oblecter,
1021 2067 1082 2106 ab
1112 2067 1185 2107 illo
1213 2070 1386 2110 excursu

255 2150 383 2198 veluti
424 2150 587 2191 domum
616 2150 831 2190 vobiscum
861 2147 1069 2190 reversus!
1115 2150 1253 2203 Atque
1283 2151 1386 2193 hanc

260 2233 580 2275 oblectationem
609 2244 661 2274 eo
687 2232 807 2273 vobis
835 2231 996 2273 afferam
1028 2231 1234 2275 lubentius
1250 2264 1273 2285 ‚.
1302 2248 1386 2288 quo

1324 2317 1387 2371 ju-
