1519 2729
740 207 963 263 (16)

278 334 496 402 requiritur
524 356 677 388 tantum
705 346 746 387 in
782 348 1042 396 actionibu3‚
1086 358 1225 388 verum
1268 357 1399 388 mora-

277 418 368 459 litas
409 419 528 457 etiam
546 446 558 466 ‚
602 427 648 457 ut
677 428 760 457 non
787 429 938 459 tantum
967 431 1059 459 cum
1095 429 1264 460 externo
1296 415 1400 471 legis

279 488 418 528 habitu
446 485 724 528 facta'nostra
765 490 1028 536 conveniant,
1072 487 1139 529 sed
1172 488 1244 529 fint
1273 499 1400 540 prop—

279 568 340 597 ter
365 557 486 610 ipfius
513 555 615 611 legis
641 559 941 598 venerationem
979 570 1154 611 peracta.
1243 556 1400 612 Legem

277 629 412 680 itaque
452 625 880 680 illam·exsequi.non
919 627 1087 680 possunt
1128 630 1198 669 nifi
1237 638 1401 668 naturae

277 697 481 747 morales,
525 698 585 738 uti
610 697 690 750 jam
722 696 924 744 vidimus,
968 696 1035 736 sed
1073 697 1192 737 etiam
1212 698 1402 750 requiri·

277 778 368 814 tur,
400 778 444 807 ut
474 767 601 808 homo
631 768 676 808 fit
704 765 823 806 liber.

333 836 388 877 ΙΙ,
417 835 578 884 Liberis
608 848 759 877 tantum
790 836 1001 877 hominum
1043 833 1277 876 actionibus
1315 834 1400 876 offi-

275 909 384 950 cium
408 896 645 949 ¹convenire
687 917 850 961 potest:
897 907 1054 947 coactis
1094 907 1210 948 enim.
1241 903 1400 946 nullum

272 990 335 1019 est
362 979 547 1019 meritum
574 989 642 1018 aut
667 979 824 1018 vitium.
885 968 945 1017 Ut
973 977 1085 1025 dixi,
1117 975 1244 1017 homo
1267 975 1402 1029 probe

274 1049 346 1090 fibi
375 1048 562 1091 conscius
591 1059 675 1097 est,
706 1047 861 1101 aliquid
887 1048 928 1087 in
950 1045 1040 1100 ipso
1077 1045 1266 1095 haberi‚-
1290 1044 1404 1099 quod

274 1132 365 1160 eum
408 1120 603 1160 continuo
646 1118 696 1158 ad
734 1118 923 1159 virtutem
967 1117 1123 1171 adigit3
1169 1115 1403 1168 sequeretur

274 1192 355 1240 ita,
389 1202 480 1230 eum
511 1190 665 1243 semper
691 1187 800 1229 illius
840 1188 936 1228 voci
961 1187 1190 1227 audientem
1217 1185 1303 1226 esse
1334 1185 1403 1226 de-

273 1262 384 1301 bere.
443 1259 639 1300 Videmus
665 1270 798 1299 tamen
824 1271 909 1299 non
940 1269 1093 1298 tantum
1138 1255 1290 1297 multos
1331 1264 1402 1308 qui

275 1332 386 1371 omni
426 1330 510 1370 fere
540 1330 689 1370 virtute
734 1339 899 1376 carent,
946 1327 1014 1368 sed
1042 1337 1082 1367 et
1119 1338 1191 1367 eos
1227 1327 1297 1380 qui
1323 1326 1402 1366 vir·

276 1399 416 1440 tututis
456 1396 589 1451 legem
616 1399 916 1450 exsequuntur,
960 1410 1044 1437 non
1073 1409 1163 1437 raro
1204 1406 1399 1435 cunctan-

274 1481 334 1510 tes
360 1465 455 1521 (1).
515 1466 575 1507 Ita
613 1465 836 1507 Herculem
871 1454 993 1505 nobis
1019 1466 1058 1504 in
1088 1464 1203 1504 bivio
1225 1463 1308 1517 Jam
1338 1476 1400 1503 re-

272 1538 551 1592 presentatum
599 1536 768 1588 antiqui.
840 1534 917 1576 Est
961 1534 1120 1575 scilicet
1147 1534 1187 1574 in
1232 1533 1399 1574 homine

273 1608 424 1662 duplex
460 1608 521 1647 vis
560 1607 815 1654 animorum,
858 1607 990 1658 inquit
1032 1604 1172 1663 Cic-c
1190 1616 1248 1645 ro
1289 1602 1398 1656 (2),

272 1691 394 1732 atque
413 1689 576 1717 naturae
593 1707 606 1725 ‚
647 1687 725 1716 una
754 1687 845 1727 pars
873 1677 912 1715 in
940 1675 1122 1728 appetitu
1147 1675 1276 1727 pofita
1303 1686 1364 1715 est
1381 1704 1394 1722 ‚

274 1761 376 1804 quae
402 1758 463 1789 est
488 1748 582 1795 ὁρμὴ
610 1745 795 1797 Graece,
826 1759 929 1800 quae
952 1745 1168 1794 hominem
1188 1744 1268 1786 huc
1299 1743 1399 1785 illuc

1340 1826 1401 1855 ra·

272 1970 349 2006 cie,·
365 1975 505 2008 propter
528 1973 640 1997 veram
669 1963 742 2006 ejus
769 1962 991 2007 praestantiam
1017 1970 1051 1994 et
1078 1961 1213 1994 unicum
1241 1959 1396 1995 humanae

273 2022 437 2065 diffititatis
461 2022 695 2055 Characterem
712 2045 722 2061 ,
755 2018 876 2053 dicitur
905 2020 1067 2053 Voluntas.

321 2077 384 2122 (Ι)
410 2080 504 2113 Kan
521 2087 560 2116 t,
582 2079 661 2112 Einl
683 2090 714 2112 z.
743 2078 889 2120 Tugendl.
916 2087 951 2119 p.
980 2088 1011 2110 2.
1041 2077 1073 2107 iu
1094 2083 1181 2108 nota.

318 2133 384 2179 (2)
408 2137 457 2169 De
481 2136 546 2178 Offi.
574 2135 599 2167 l.
628 2136 684 2167 28.
729 2134 867 2176 Antiqui
905 2133 947 2165 ita
975 2131 1072 2164 hasce
1102 2130 1178 2165 duas
1210 2136 1318 2172 partes
1346 2128 1395 2162 sc-

275 2202 351 2226 cum
400 2192 541 2224 invicem
572 2190 818 2224 confabulantes
857 2189 1043 2230 induxere,
1078 2187 1129 2221 uti
1170 2183 1396 2220 animadvertit

276 2249 301 2282 P
316 2249 326 2280 ἲ
340 2258 356 2281 a
374 2256 385 2281 t
400 2258 422 2282 ο
443 2251 476 2282 in
494 2246 657 2283 Phaedone
670 2272 682 2289 ,
703 2258 738 2291 p.
760 2257 816 2291 94.
840 2247 885 2280 D.
