1519 2729
574 171 800 230 (89)

137 324 213 356 nos
242 314 434 356 habemus
463 312 548 352 esse
573 312 871 367 obligationis,
907 312 1088 368 legitima
1112 310 1269 354 scilicet

138 386 305 427 coactio
322 413 334 434 ,
368 381 624 438 officii'etiam
647 384 817 423 notione
834 383 987 436 abipso
1002 382 1271 435 comprehen-

136 454 258 499 ditur.
285 474 328 483 —
359 453 578 494 Moraliter
605 452 654 492 ad
689 453 820 495 officia
847 453 912 493 sua
942 451 1145 505 implenda
1174 453 1272 506 cogi

137 524 321 564 universe
337 524 585 577 proponitur
605 523 755 572 homo,
787 525 881 576 quia
897 523 1158 576 caeteroquin
1173 522 1272 563 Deo

138 593 331 646 displicet
347 625 360 644 ,
392 595 442 635 ab
457 606 589 646 coque
603 594 769 646 punitur
783 623 796 642 ,
818 597 1031 645 ‘tamquam
1051 590 1164 632 Illius
1188 591 1271 646 legi

90 648 93 655 Ι
137 663 362 704 adversans.
394 692 437 701 -.
467 663 527 704 Ut
554 675 653 703 vero
673 664 778 703 ratio
801 663 943 711 detur,
975 674 1096 715 quare
1123 660 1173 701 ab
1192 661 1267 703 ho-

138 733 315 773 miuibus
344 733 394 774 ad
422 733 500 774 alia
523 733 656 773 offiica
684 734 781 786 cogi
808 734 898 786 quis
928 731 1082 786 possit,
1112 730 1163 770 ad
1194 728 1274 770 alia

139 808 239 843 vero
258 802 472 849 minus,'ad
489 801 722 843 societatem
738 813 938 856 provocat
957 801 987 842 P
1002 814 1028 842 u
1042 801 1064 841 f
1073 813 1095 840 e
1111 800 1179 840 n'd
1193 812 1220 840 o
1234 812 1273 840 r-

139 871 161 912 f
171 873 221 912 iu
238 885 255 911 s
272 901 285 919 ,
328 884 498 924 eamque
542 883 755 914 contractu
797 872 974 926 quodam
1015 871 1133 912 inniti
1177 882 1273 926 cens

138 938 305 993 set(1).
336 966 378 975 -
413 940 540 980 Etita
563 941 724 983 demum
754 956 801 982 ea
819 955 922 995 quae
951 941 1040 982 sunt
1063 941 1192 994 J'uris,
1220 940 1271 980 ab

137 1012 215 1059 iis,
261 1022 363 1063 quae
405 1010 510 1050 inter
541 1010 672 1051 officia
699 1013 866 1064 proprie
902 1012 955 1052 fic
997 1010 1128 1058 dicta,
1183 1009 1273 1049 sunt

136 1080 346 1122 referenda
388 1079 438 1120 ab
484 1080 573 1133 ipso
613 1080 926 1137 distinguuntur.
957 1101 1004 1110 —
1034 1079 1159 1132 Apud
1201 1091 1274 1119 eos

137 1152 261 1205 igitur
287 1163 502 1199 auctores,
559 1152 629 1204 qui
672 1151 703 1192 P
721 1150 1116 1192 ufendorfium
1147 1149 1274 1190 secuti

136 1222 256 1270 sunt,
286 1221 385 1261 licet
405 1221 628 1274 primario
651 1219 721 1259 illa
749 1219 890 1260 divisio
909 1232 991 1260 non
1019 1220 1272 1268 inveniatur,

136 1301 178 1329 et
206 1291 257 1331 ab
289 1291 339 1330 iis
367 1303 413 1330 ea
440 1303 522 1330 non
544 1290 734 1332 maxime
760 1289 925 1340 probari
964 1289 1145 1339 constet,
1188 1288 1274 1330 fac-

101 1361 111 1375 ’
136 1368 223 1399 tum
254 1370 386 1400 tamen
413 1360 527 1409 esse,
558 1371 603 1400 ut
632 1372 683 1400 ex
703 1358 942 1400 moralitatis
971 1359 1178 1412 principio
1205 1358 1276 1399 de-

135 1429 331 1470 rivaretur
354 1429 420 1483 jus
437 1459 449 1477 ‚
481 1440 601 1482 atque
630 1430 685 1470 ita
708 1426 884 1482 officium
901 1428 1130 1474 diceretur,
1162 1427 1277 1482 quod
1325 1425 1328 1428 ’

137 1498 341 1554 obligatio
389 1501 557 1552 proprie
610 1499 750 1541 fuisset
795 1499 1010 1541 dicendum
1028 1499 1059 1550 ,'
1089 1511 1174 1540 non
1214 1509 1275 1539 est

141 1569 258 1622 quod
283 1568 468 1622 pluribus
495 1570 758 1623 disputemus.
1209 1608 1215 1615 ,

194 1637 309 1679 Haec
350 1639 513 1692 quidem
555 1640 681 1681 sectio
725 1640 795 1682 etfi
840 1640 1052 1693 paululum
1081 1652 1273 1688 excreve-

139 1708 222 1755 rit,
254 1707 456 1761 duplici,
481 1711 522 1749 ni
561 1709 765 1758 fallimur,
817 1710 965 1763 gaudet
1006 1709 1198 1750 utilitate.
1229 1730 1276 1741 —
1326 1707 1328 1711 ’

140 1775 305 1818 Etenim
321 1779 360 1819 in
376 1778 537 1831 placitis
553 1779 583 1820 P
600 1793 624 1820 u
640 1779 692 1820 fe
706 1792 731 1819 n
746 1779 771 1820 d
788 1791 813 1819 o
829 1792 848 1819 ι·
864 1779 906 1820 fi
923 1782 935 1821 i
952 1780 1178 1822 enarrandis
1190 1810 1203 1828 ,
1232 1792 1275 1821 et

140 1847 349 1891 retulimus
372 1849 566 1904 dogmata
595 1862 735 1892 eorum
765 1849 835 1902 qui
856 1848 928 1902 Jus
954 1850 1004 1890 ab
1031 1849 1195 1892 alterius
1210 1849 1275 1891 of-

1174 1919 1276 1961 ficio

185 2042 445 2090 (1)Quatenus
477 2056 561 2081 vero
596 2045 666 2088 jura
705 2045 841 2088 perse,
879 2044 966 2091 (fine
1005 2054 1193 2080 contractus
1220 2053 1277 2080 aut

140 2101 273 2134 alterius
322 2103 526 2145 obligationis
560 2099 735 2146 respectu)
773 2111 816 2135 ex
854 2103 935 2145 legis
971 2102 1185 2146 permissione
1218 2103 1276 2136 vel

138 2159 248 2201 potius
274 2169 316 2194 cx
344 2160 497 2193 libertate
522 2159 656 2194 naturali
685 2158 743 2191 sint
776 2157 974 2200 derivanda,
1008 2160 1187 2194 ostendere
1213 2170 1274 2194 co-

138 2216 202 2248 nati
217 2216 322 2250 sumus
336 2216 429 2260 supra
451 2227 486 2259 p.
502 2218 556 2260 83.
598 2217 697 2251 Cous.
721 2217 740 2250 S
759 2227 780 2260 y
792 2227 815 2260 p
830 2217 851 2250 k
867 2227 885 2251 e
901 2227 919 2250 n
936 2228 950 2251 s
965 2242 976 2261 ‚
1000 2220 1082 2254 Crit.
1110 2218 1204 2262 Mag.
1232 2217 1274 2252 V.

140 2281 175 2313 Ρ·
198 2282 274 2316 340·
