1519 2729
721 174 973 231 (120)

288 314 492 358 facultatis
512 312 625 356 usum
648 325 725 367 pro
751 313 919 357 arbitrio
947 312 1106 356 tolleret
1133 313 1196 356 vel
1230 313 1400 370 impedi-

286 397 362 428 ret.
422 385 548 441 Quod
575 397 666 426 cum
682 384 892 426 absurdum
919 386 990 433 fit,
1032 383 1193 426 necesse
1220 396 1311 435 est,
1355 397 1400 428 ut

285 455 425 496 cadem
454 453 521 496 lex
549 454 765 504 naturalis,
811 465 912 507 quae
939 454 1036 494 mihi
1060 453 1291 499 facultatem
1321 455 1399 496 five

283 523 350 578 J‘us
379 522 689 573 tribuit,.alteri
713 523 825 566 fimul
855 523 1029 565 officium
1057 525 1267 577 imponat,
1295 525 1397 578 Juris

285 594 366 635 mei
394 593 630 635 exercitium
653 605 738 635 non
777 593 974 633 turbandi.
1034 591 1099 637 Ex
1129 594 1209 635 hoc
1236 592 1399 634 alterius

278 662 423 709 *officio
439 662 611 717 mihijus
639 663 765 703 oritur
789 674 870 702 non
898 661 1050 701 ferendi
1080 663 1261 715 injuriam
1280 690 1293 711 ‚
1321 663 1400 703 five

283 733 323 771 vi
373 730 596 784 repellendi
637 730 950 784 impedimenta,
995 729 1132 772 libero
1163 732 1267 786 juris
1316 731 1395 771 mci

282 801 479 842 exercitio
505 800 691 854 opposita
721 799 745 854 <
755 797 815 852 1).

339 868 519 911 Eandem
535 870 639 919 fere,
667 882 786 924 quam
811 867 1110 912 aWolffio
1140 881 1181 911 et
1210 869 1398 911 Peste-

279 936 365 981 lio
393 938 603 992 probatam
618 939 812 988 vidimus,
833 941 1026 980 rationem
1054 941 1174 982 etiam
1199 939 1308 994 apud
1320 951 1397 981 nos

279 1006 438 1049 secutus
460 1020 520 1049 est
548 1008 574 1052 S
590 1023 612 1051 c
627 1009 652 1052 h
669 1022 726 1050 ro
740 1021 763 1049 e
779 1009 896 1057 der,
924 1010 965 1050 in
980 1008 1116 1050 Elem.
1136 1008 1397 1064 jurisprud.

277 1087 373 1120 nat.
401 1080 439 1118 in
463 1078 610 1132 quibus
629 1090 854 1122 accuratam
882 1078 1107 1120 doctrinam
1137 1078 1311 1119 tradidit.

285 1177 289 1180 »
336 1147 483 1189 Inutsse
509 1159 641 1191 autem
671 1149 770 1192 mihi
794 1149 920 1190 visum
943 1159 1031 1198 est,
1075 1147 1324 1196 Wolffii
1354 1158 1396 1189 et

278 1218 307 1260 S
323 1233 346 1261 c
361 1219 386 1260 h
400 1232 419 1261 r
435 1232 460 1262 o
475 1232 497 1259 e
513 1220 538 1260 d
553 1232 574 1258 e
590 1232 609 1260 r
626 1220 638 1260 i
667 1217 950 1272 philosophiae
978 1218 1176 1258 rationem
1192 1215 1312 1257 latius
1326 1229 1396 1258 ex·
1438 1243 1440 1246 >

274 1300 456 1341 ponere,
498 1301 591 1331 cum
630 1287 773 1331 melius
808 1291 1007 1328 censerem
1031 1286 1262 1337 declarare,
1293 1299 1397 1340 quae

275 1356 531 1399 Pestelii
563 1357 685 1399 fuerit
721 1357 770 1398 de
799 1368 939 1397 nostro
976 1368 1212 1411 argumento
1242 1356 1396 1397 senten·

276 1427 360 1475 tia,
405 1438 488 1471 tum
523 1430 617 1480 quia
647 1428 808 1483 egregie
836 1426 982 1480 scripta
1009 1425 1094 1466 esse
1129 1429 1204 1466 viri
1231 1426 1395 1481 elegan-

276 1497 414 1538 tissimi
443 1507 483 1536 et
507 1497 720 1539 acutisfimi
752 1496 1008 1541 fundamenta
1048 1496 1395 1550 Jurisprudentiae

274 1565 492 1612 naturalis,
524 1577 664 1606 omnes
688 1564 941 1606 consentiunt
957 1597 969 1616 ‚
1002 1578 1087 1611 tum
1108 1578 1206 1612 vero
1235 1566 1384 1616 etiam,

275 1635 370 1687 quia
418 1647 560 1689 magna
604 1634 709 1687 apud
748 1647 822 1676 nos
863 1635 961 1684 mit,
1004 1648 1047 1676 et
1086 1636 1231 1676 merito
1269 1635 1391 1676 etiam

273 1717 381 1747 nunc
407 1715 469 1745 est
493 1704 523 1745 P
539 1716 592 1744 es
608 1715 623 1744 t
638 1716 659 1743 e
676 1704 687 1744 l
706 1706 742 1744 ii
774 1707 1002 1746 auctoritas.

331 1774 492 1817 Possem
533 1777 656 1831 igitur
697 1774 801 1816 hand
835 1776 1107 1824 inconcinne,
1137 1786 1182 1816 ut
1207 1774 1391 1825 videtur,

274 1847 440 1887 transire
468 1845 518 1887 ad
542 1856 820 1901 argumentum
849 1847 995 1898 capitis
1039 1846 1265 1900 sequentis,
1296 1846 1390 1894 nifi,

1331 1914 1390 1956 ob

318 2025 381 2075 (1)
406 2031 459 2064 De
482 2028 531 2063 his
551 2030 594 2063 W
608 2030 651 2063 ol
669 2029 713 2064 ff
724 2029 757 2063 ii
780 2031 910 2065 Pla-itis
934 2028 1004 2063 vid.
1027 2030 1102 2066 Jur.
1131 2030 1216 2064 Nat.
1246 2029 1282 2064 P.
1307 2030 1335 2064 Ι.
1358 2039 1390 2063 c.

273 2094 307 2130 3.
345 2088 363 2131 §
396 2098 487 2132 904,
524 2096 601 2130 905.
637 2087 714 2121 ibid.
740 2097 769 2122 c.
798 2098 826 2121 1.
851 2089 868 2132 §
895 2098 949 2129 23.
1010 2087 1109 2121 Conf.
1136 2085 1389 2129 Sy‘pkens,

273 2140 358 2176 Crit.
378 2141 472 2186 Mag.
495 2144 515 2176 l.
537 2144 558 2178 l.
586 2155 619 2188 p.
644 2153 720 2188 344.
744 2144 829 2179 Add.
849 2145 926 2178 Wo
941 2145 950 2177 l
966 2143 985 2178 f
994 2144 1012 2178 f
1022 2143 1031 2175 i
1047 2143 1081 2183 i,
1104 2142 1177 2185 lust.
1207 2142 1276 2179 Iur.
1303 2143 1388 2177 Nat.

271 2204 306 2234 et
325 2199 420 2235 Gent.
442 2200 460 2244 §
485 2210 538 2243 50.

428 2267 437 2287 l
