1519 2729
737 205 765 264 <
825 224 878 253 20
935 208 963 264 >

776 344 907 399 §m

574 478 759 525 Theoria
790 482 853 524 Cl.
885 483 1072 528 Mozvcz.

552 561 569 582 Χ

343 620 523 664 Theotia
544 620 611 663 Cl.
639 621 687 662 le
713 621 795 664 Ro
812 634 838 674 y
866 623 966 665 basis
993 635 1053 663 est
1074 615 1139 664 oui
1163 619 1230 662 CI.
1259 619 1407 662 Mon-
1465 636 1469 640 “
1514 635 1518 638 ⁴

286 703 351 746 ge
396 682 502 732 suam
545 690 802 744 superstruxit
843 691 1040 733 theoriam
1072 689 1166 749 (Ι).
1216 689 1301 730 Jlla
1329 690 1407 744 igi-

286 772 352 801 tur
378 761 532 802 theoria
558 773 580 801 a
609 761 737 802 Mon
753 763 847 816 gio
874 763 1093 815 exponitur
1107 761 1275 815 ejusque
1291 771 1407 812 prae-

284 829 425 871 stantia
475 830 682 881 laudatur,
727 830 794 871 sed
842 842 983 872 monet
1019 830 1161 880 simul,
1210 829 1254 870 le
1293 827 1428 880 Roy'

281 900 326 940 in
381 899 455 941 hac
509 900 575 941 sua
629 901 862 941 inventione
920 900 1145 956 analogiam
1194 900 1374 941 secutum
1391 927 1405 947 ‚

283 969 360 1009 hac
391 980 524 1010 autem
557 969 802 1019 deficiente,
847 969 963 1011 nullo
992 970 1116 1011 modo
1147 968 1406 1024 progressum

283 1038 383 1079 esse.
443 1037 559 1080 Hanc
578 1039 632 1080 ob
650 1040 805 1081 causam
831 1052 977 1081 novam
1007 1039 1221 1093 proposuit
1254 1038 1406 1079 theori-

282 1121 374 1158 am,
418 1122 520 1161 quae
561 1110 742 1150 theoriae
784 1107 943 1150 C1.1e
980 1107 1104 1160 Roy
1141 1106 1408 1161 amplificatio

283 1188 346 1217 est
373 1177 584 1228 habenda,
630 1179 734 1220 hanc
761 1179 886 1233 igitur
921 1177 1282 1232 amplificationem
1323 1177 1406 1218 hoc

283 1246 383 1289 loco
414 1259 673 1301 exponam..

347 1329 381 1357 1.
428 1315 527 1371 Quo
568 1315 725 1360 denfior
764 1329 826 1359 est
864 1318 932 1359 aer
960 1330 1011 1358 eo
1051 1317 1246 1372 majorem
1273 1328 1402 1370 aquae
1430 1316 1440 1323 “
1494 1318 1501 1333 ³

281 1384 467 1426 dissolvit
504 1388 795 1439 quantitatem,
841 1388 979 1428 eadem
1022 1387 1315 1441 temperatura,
1358 1396 1404 1427 ut

279 1456 491 1508 perveniat
519 1456 568 1496 ad
595 1469 795 1511 punctum>
821 1455 1072 1498 saturationis
1089 1486 1101 1506 ,
1133 1456 1245 1510 quod
1280 1455 1405 1511 igitut

280 1535 365 1564 non
403 1535 555 1566 tantum
590 1539 612 1567 a
651 1537 947 1580 temperatura,
988 1527 1047 1566 uti
1085 1526 1135 1565 le
1166 1525 1289 1578 Roy
1327 1538 1425 1567 vo-‘
1486 1578 1489 1585 A

278 1593 385 1644 luit,
417 1593 484 1636 sed
512 1597 632 1637 etiam
653 1609 675 1637 a
703 1595 891 1652 denfitate
919 1595 1135 1648 dependet.
1204 1595 1289 1638 A‘e’r
1325 1597 1403 1650 igi·

282 1673 347 1704 tur
383 1664 574 1706 saturatus
604 1678 751 1707 novam
779 1677 918 1721 ,aquae
960 1667 1222 1720 quantitatem
1260 1666 1404 1707 dissol-

277 1744 372 1774 vere
400 1744 561 1786 potest,
605 1736 632 1776 fi
672 1737 822 1789 pressio
852 1747 1049 1791 augeturz,
1090 1735 1404 1788 supersaturatur
1435 1733 1446 1756 ⁵
1476 1738 1484 1766 Ἀ

276 1814 422 1866 contra
449 1815 490 1845 et
518 1816 619 1858 aqua
643 1807 960 1860 praecipitatur,
990 1806 1193 1860 pressione
1229 1805 1402 1846 diminu-

277 1882 318 1913 ta
350 1870 445 1927 (2).

1293 1943 1400 1995 Aer,
1444 1964 1446 1967 ·

317 2072 383 2163 (st)
405 2074 482 2111 Vid.
509 2077 655 2112 Annales
684 2077 728 2114 de
752 2079 920 2122 Chemie,
957 2080 1055 2114 Tom.
1080 2079 1121 2114 V.
1149 2088 1177 2113 a.
1205 2087 1303 2123 1790.
1325 2086 1399 2122 pag.

283 2140 297 2165 1
342 2141 357 2162 e
411 2157 419 2166 .

319 2142 528 2231 (23qA51-em
557 2192 755 2227 rarefactum
784 2195 945 2228 minorem
973 2202 1074 2236 aquae
1100 2193 1313 2236 quantitatem
1333 2191 1404 2226 dis*

272 2241 406 2279 solvere
433 2247 530 2290 posse
559 2247 666 2301 statuit
696 2251 794 2286 etiam
818 2250 839 2285 S
854 2259 872 2283 a
886 2259 909 2286 u
922 2260 937 2286 s
951 2249 1000 2285 su
1014 2259 1031 2284 τ
1047 2259 1066 2284 e
1080 2274 1092 2296 ,
1116 2250 1141 2285 1.
1161 2250 1183 2284 1.
1213 2250 1233 2295 §
1260 2242 1346 2286 220}
1362 2256 1398 2282 et

1347 2304 1396 2340 af-
