1519 2729
689 164 913 233 (8⁸)

255 306 489 370 “requei-emt
517 312 707 370 vaporum
732 317 817 357 vim
844 315 1047 364 clasticam
1064 342 1077 362 ‚
1120 312 1192 352 hac
1224 312 1377 363 tempe-

261 396 413 435 ratura,
450 385 599 426 nullam
625 384 738 434 esse,
783 387 809 426 i.
841 398 876 426 e.
905 396 1044 425 omnes
1072 393 1268 434 vapores,
1300 381 1376 420 hac

256 453 411 495 elevata
462 464 751 508 temperatura,
794 456 835 496 in
875 466 1017 508 aquam
1057 451 1250 506 liquidam
1289 449 1378 490 abi-

258 535 301 565 re
330 523 354 577 ζ
363 521 424 575 1).

319 592 431 636 Haec
486 594 677 635 sententia
729 595 852 650 igitur
895 591 944 635 ad
981 591 1193 634 absurdum
1234 589 1376 638 ducit;

201 650 204 655 ⁷
263 663 364 715 quid
402 663 508 703 enim
534 663 769 712 absurdius,
812 675 930 716 quam
961 648 1152 709 statuet-e,
1182 671 1379 711 vaporum

260 730 512 781 moleculas,
563 731 698 772 calore
733 743 814 772 non
853 731 1034 782 dilatari,
1078 729 1145 770 sed
1188 729 1242 773 ita
1281 739 1379 768 con-

260 799 393 848 trahi,
424 811 468 841 ut
494 799 691 854 liquidum
721 801 904 842 efficiant.

322 868 513 910 Formulii
540 862 658 910 etium
686 869 753 911 CI.
782 870 813 911 B
830 872 842 910 i
859 884 884 911 o
901 882 916 910 t
953 871 1057 909 vires
1095 866 1280 922 elasticae
1308 867 1384 906 mi-

263 949 383 978 nores
422 952 540 992 quam
579 952 650 993 par
674 951 734 980 est
759 941 1043 985 inveniuntur,
1087 938 1146 977 uti
1184 935 1269 988 ipse
1309 936 1384 976 Vir

262 1008 336 1049 Cl.
365 1019 531 1056 monet,
561 1011 780 1061 praecipue
793 1015 899 1049 ‘vero
925 1009 1040 1060 supra
1072 1018 1201 1059 aquae¹
1235 1005 1384 1046 ebulli-

263 1080 368 1117 entis
395 1089 698 1130 temperaturam
716 1090 733 1127 ‚·
773 1079 830 1118 uti
865 1089 974 1130 patet
1013 1090 1063 1117 cx
1101 1076 1385 1128 experimentis

260 1146 394 1188 Doct.
426 1147 467 1188 U
482 1161 500 1188 r
515 1161 550 1188 e.
610 1147 790 1189 Directis
805 1149 927 1202 igitur
940 1147 1223 1199 experimentis
1235 1145 1384 1197 proba-

265 1227 350 1256 tum
378 1227 467 1266 est,
500 1216 701 1266 tabulam,
732 1218 756 1270 ἕ
787 1217 844 1257 IX
870 1230 920 1258 ex
950 1217 1143 1269 opinione
1160 1214 1227 1254 Cl.
1256 1213 1297 1254 D
1314 1213 1384 1254 al·
1410 1234 1415 1241 =

267 1296 351 1325 ton
379 1285 536 1326 allatam
553 1316 567 1336 ‚
598 1298 679 1327 non
695 1287 826 1327 valere
841 1297 886 1326 ut
901 1297 992 1324 vera
1008 1294 1278 1337 cognoscatur
1293 1283 1382 1333 lex,

263 1355 481 1399 secundum
509 1370 627 1409 quam
655 1359 758 1397 vires
784 1356 970 1396 elasticae
997 1354 1248 1408 procedunt,
1285 1353 1384 1394 licet

261 1423 334 1467 illa
376 1423 465 1464 satis
506 1425 550 1464 fit
588 1437 752 1476 exacta,
797 1437 840 1466 ut
888 1426 994 1466 bafin
1044 1424 1247 1477 praebeat
1273 1423 1384 1463 dcte-

262 1494 383 1550 gendi
422 1495 613 1545 modum,
656 1507 738 1547 quo
776 1495 1001 1548 procedunt
1039 1496 1143 1534 vires
1168 1493 1403 1542 elasticae41

263 1564 348 1605 illis
390 1564 611 1613 limitibus,
653 1566 693 1604 in
727 1566 872 1617 quibus
908 1566 1180 1617 experimenta
1205 1563 1382 1604 institue-

264 1645 358 1676 runt
395 1633 479 1675 Cll.
522 1633 738 1675 Dalton
782 1646 821 1674 et
858 1633 1243 1685 Gay-Lussac.
1302 1632 1386 1673 Va-

263 1703 321 1745 let
350 1716 448 1759 ergo
487 1705 536 1744 ad
575 1717 799 1757 vaporum,
853 1703 1129 1756 atmosphaerfi
1168 1714 1385 1744 contento-

262 1785 374 1822 rum,
403 1775 484 1814 vim
509 1773 711 1814 elasticam
742 1773 1091 1814 determinandam.
1129 1772 1283 1813 Modus
1297 1784 1382 1825 quo

263 1843 492 1896 procedunt
517 1845 620 1884 vires
647 1844 861 1891 elasticae‚
898 1855 974 1896 pro
1002 1841 1152 1897 singula
1181 1853 1379 1895 tempera-
1403 1876 1407 1880 .

263 1923 374 1953 turae
399 1915 616 1955 variatione
632 1944 645 1963 ‚
675 1914 804 1955 adhuc
831 1913 942 1954 latet.

321 1981 439 2033 Lex,
469 1996 587 2036 quam
616 1984 828 2037 proposuit
859 1981 964 2024 Dal
981 1994 1071 2024 ton
1089 2011 1102 2031 ,
1134 1994 1252 2035 quam
1278 1992 1382 2021 con-

263 2053 468 2096 firmarunt
497 2054 630 2095 Biot
659 2066 699 2095 et
733 2051 1104 2103 Betthollet,
1146 2051 1376 2091 variationi-

1300 2119 1376 2162 bus

301 2200 370 2249 (ι)
393 2202 468 2239 vid.
496 2203 539 2238 E.
564 2204 606 2239 G.
631 2201 766 2238 Fiseh
783 2211 859 2244 er,
895 2201 918 2236 1.
945 2200 969 2235 1.
990 2208 1062 2245 pag.
1083 2197 1124 2233 28
1149 2195 1243 2240 seqq.
