1519 2729
685 158 939 214 (142)

249 301 380 344 ridens
419 297 753 347 Voltairius
792 296 918 347 dicit,
962 295 1097 337 nasum
1126 306 1218 337 eum
1258 296 1297 336 in
1327 294 1372 336 fi-

245 384 338 412 nem
374 372 526 412 factum
568 368 715 414 fuisse,
761 377 803 406 ut
843 365 1120 420 perspicillum
1159 366 1196 404 ei
1241 367 1374 418 impo-

244 454 339 482 nere
379 441 532 494 posfint
571 439 767 486 homines.
820 435 899 489 (ι)
987 435 1047 476 Ita
1100 446 1140 475 ct
1181 447 1373 476 nonnun-

243 523 363 564 quam
404 509 581 556 accidit,
627 520 671 548 ut
713 507 929 559 scriptores
969 504 1236 559 teleologici‚
1282 505 1372 546 ubi-

240 582 301 622 vis
341 580 460 620 finem
503 579 678 618 indicare
721 578 958 630 cupientes,
1006 575 1235 628 sapientiam
1286 574 1371 615 Dei

238 649 401 691 laudent
441 651 482 689 in
524 649 602 696 iis,
646 659 747 700 quae
786 659 922 687 revera
960 658 1042 685 non
1084 645 1280 694 instituit,
1330 655 1372 684 et

238 712 367 772 qu'ae,
393 717 571 758 filocum
599 716 852 764 obtinerent,
886 715 978 769 plus
995 715 1223 769 detrimenti
1251 727 1370 768 quam

236 787 501 828 emolumenti
523 785 703 827 -allatura
746 786 887 826 essent.

293 856 360 899 Ne
388 857 713 911 dogmaticorum
730 884 743 905 ,
775 857 844 909 qui
870 855 1033 896 nimiam
1063 854 1267 896 scientiam
1308 856 1364 896 ia-

234 928 406 976 ctitant,
435 925 667 978 exemplum
693 925 930 978 sequamur,
959 924 1099 965 sedulo
1141 925 1365 966 cavendum

231 1008 324 1047 θεῖε,
356 1008 439 1037 non
466 998 571 1036 enim
602 1006 663 1035 est
691 995 866 1037 hominis
884 1026 897 1046 ,
935 1007 1075 1036 omnes
1103 994 1187 1036 Dei
1215 995 1370 1049 perspi-

234 1079 327 1108 cere
355 1077 396 1106 et
423 1066 642 1106 diiudicare
671 1065 782 1106 fines.
1276 1055 1278 1057 ’

292 1135 387 1177 Hoc
439 1147 676 1191 argumento
717 1135 856 1177 Deum
899 1135 1073 1188 probare
1114 1133 1227 1175 volui
1279 1146 1367 1174 mo-

233 1206 459 1246 deratorem
485 1218 525 1245 et
549 1205 861 1259 gubernatorem
893 1206 1010 1246 huius
1039 1204 1231 1253 univerfi;
1277 1217 1361 1244 non

232 1276 341 1316 enim
382 1275 430 1317 de
459 1276 622 1315 materia
651 1275 788 1316 mundi
817 1276 1011 1328 loquutus
1050 1273 1163 1322 sum,
1207 1275 1272 1314 scd
1315 1273 1365 1315 de

232 1344 386 1395 forma,
414 1356 454 1385 et
482 1345 529 1386 de
554 1344 723 1394 finibus,
754 1345 794 1384 in
820 1357 866 1385 ea
892 1343 1163 1386 observandis.
1197 1341 1278 1399 (2)

290 1414 508 1456 Circulum
536 1406 684 1455 evitare
711 1413 824 1455 volui
839 1444 852 1461 ,
875 1411 1038 1468 ¹quippe
1061 1412 1364 1468 argumentandi

229 1486 376 1525 rationi
405 1496 445 1525 et
470 1484 710 1536 persuafioni
737 1486 998 1525 contrarium.
1059 1483 1154 1525 I-loc
1171 1485 1272 1524 vitio
1306 1482 1365 1523 la-

230 1555 405 1604 borant,
436 1555 571 1608 quiex
586 1553 732 1595 finibus
759 1552 898 1595 Deum
926 1553 1100 1607 probare
1132 1564 1359 1602 conantur;

229 1625 503 1678 praestantiam
519 1635 651 1665 autem
666 1623 803 1664 finium
819 1625 875 1664 ita
904 1624 1103 1673 efficiunt,
1131 1636 1176 1666 ut
1196 1625 1330 1666 dicant
1346 1653 1360 1670 ‚

196 1693 366 1736 ·Deum
411 1695 481 1737 fibi
523 1694 623 1735 nihil
663 1705 893 1748 proponere
936 1693 1081 1746 posse,
1140 1695 1210 1737 nifi
1250 1691 1363 1747 quod

227 1764 455 1818 perfectum
483 1766 527 1806 fit
552 1775 593 1803 et
623 1765 733 1804 omni
762 1777 932 1806 numero
960 1763 1205 1805 absolutum.
1238 1759 1318 1817 (3)

285 1834 383 1875 Non
428 1833 721 1876 subfistendum«
750 1836 833 1876 esse
873 1836 1011 1888 putavi
1050 1836 1089 1875 in
1119 1844 1358 1890 argumento

229 1903 480 1959 teleologico
510 1903 685 1944 seorsum
714 1902 927 1958 spectato-5,
965 1916 1055 1944 nam
1083 1904 1153 1946 nifi
1179 1915 1220 1944 et
1245 1901 1358 1944 fimul

225 1987 356 2016 rerum
397 1976 605 2015 veritatem
649 1974 895 2016 obiectivam
938 1986 1156 2028 earumque
1198 1973 1357 2015 contin-

270 2135 335 2181 (Ι)
360 2137 450 2171 Dict.
474 2135 709 2181 Philosophique
728 2135 901 2181 portans,
929 2136 961 2169 in
989 2144 1076 2170 voce
1104 2135 1174 2170 Fin.
1188 2141 1220 2177 p.
1238 2134 1312 2177 198.

226 2238 227 2242 Ἰ
270 2192 334 2237 (2)
360 2195 548 2227 Eclect
570 2196 702 2235 icus,
727 2203 750 2228 t.
773 2205 801 2230 a.
826 2206 859 2237 p.
884 2193 930 2227 bl.
954 2194 1008 2237 46.

271 2247 335 2295 (3)
359 2250 391 2285 H
407 2260 529 2284 enne
546 2260 561 2284 r
577 2259 589 2283 t
604 2276 615 2293 ‚
639 2253 671 2287 ll
685 2245 760 2297 ³1Jv'sg.
783 2249 877 2285 5277}-
906 2249 951 2285 D.
979 2249 1022 2283 ll.
1049 2247 1094 2281 bl.
1124 2248 1177 2288 89.
