1519 2729
547 135 769 191 (81)

107 297 135 322 „
166 281 354 320 curetur,
398 271 463 312 sua
503 270 645 324 sponte
674 274 781 317 foras
809 290 890 319 non
916 282 1077 334 prodit,
1121 298 1228 330 mor-

106 367 134 391 „
166 350 245 380 tem
274 351 404 381 autem
433 352 514 380 non
544 342 689 394 infert,
723 346 788 386 sed
817 349 865 389 ad
895 348 1137 395 senectutem
1161 371 1227 397 us-

104 437 132 461 „
164 401 241 462 que
272 408 516 450 comitatur'’
546 409 640 463 (Ι).
714 413 807 457 Huc
836 419 1033 472 imprimis
1061 421 1099 462 T
1095 427 1226 467 mnia

104 480 306 531 pertinet,
338 478 420 519 »illa
448 479 532 520 scil.
563 481 745 535 graviora
783 487 944 537 quidem
988 490 1228 547 plerumque

101 559 182 587 non
209 547 338 589 adfert
369 548 496 599 mala;
530 550 583 589 ob
615 550 842 593 diuturnum
885 557 1042 610 tamen,
1074 576 1157 615 quo
1183 567 1224 604 in

101 619 306 658 intectinis
335 619 498 667 haeret,
531 630 716 672 tempus,
748 625 893 664 nociva
921 629 1037 669 etiam
1068 631 1134 681 fit,
1166 634 1227 673 in-

102 687 257 727 terdum
285 687 326 727 e't
352 688 579 743 gravissima
610 690 711 730 mala
734 694 938 744 producit.
998 699 1115 740 Aliae
1156 715 1225 743 au-

102 768 182 797 tem
224 758 376 810 species
414 759 691 799 memorabilia
719 763 949 812 producunt
978 767 1224 822 symptoma-

100 839 167 878 ta,
199 828 388 881 quorsum
415 825 647 882 Ascarides
681 828 1026 885 Lmnhrimi‘des,
1058 838 1222 892 aliique.

157 897 282 937 Vali
301 910 356 936 sn
375 910 395 936 e
411 899 455 937 ri
472 911 528 938 us
550 911 658 939 eum
686 904 826 953 paucis
853 903 942 945 aliis
983 910 1221 960 contendit,

97 978 252 1007 vermes
282 967 466 1007 homines
493 978 595 1024 ante}
613 968 935 1022 depravationem
965 980 1121 1030 generis
1149 980 1223 1021 hu-

98 1038 203 1077 mani
232 1048 315 1077 non
342 1036 531 1086 vexasse,
564 1037 632 1079 sed
660 1041 708 1080 iis
738 1041 858 1086 fuisse
886 1044 1017 1086 utiles.

153 1105 192 1146 A
205 1106 231 1147 b
248 1107 261 1146 i
277 1106 332 1161 lg
347 1120 368 1146 a
381 1121 402 1147 a
418 1120 436 1146 r
452 1106 478 1147 d
492 1103 544 1148 'et
586 1107 626 1149 R
642 1123 666 1150 u
682 1124 698 1150 s
714 1111 738 1152 h
775 1113 1066 1166 perhibuerunt
1081 1148 1094 1167 ‚
1134 1133 1223 1162 ver-

96 1188 180 1216 mes
207 1178 393 1217 intestina
421 1178 673 1228 habitantes,
720 1180 789 1221 illa
833 1185 985 1225 irritare
1013 1198 1053 1227 et
1081 1188 1133 1230 fic
1162 1190 1221 1231 di-

95 1248 320 1301 gestionem
350 1259 390 1288 et
416 1250 639 1300 appetitum
671 1262 924 1302 promovere.
1048 1304 1051 1308 Ι

152 1317 331 1359 Clark
372 1319 522 1373 majora
562 1319 664 1359 mala
703 1319 798 1361 illos
837 1335 972 1364 arcere
1016 1327 1222 1380 assumsit,

95 1387 257 1427 irritatis
287 1388 447 1428 modice
472 1389 684 1428 intestinis.

150 1456 391 1497 Bianchi
430 1469 527 1497 vcro
574 1458 762 1499 humores
805 1474 950 1514 pravos
988 1467 1038 1506 ab
1077 1467 1219 1508 iisdem

93 1525 296 1566 absorberi
327 1526 470 1567 statuit.

149 1594 328 1636 Tandem
373 1596 413 1637 G
430 1599 454 1636 ὂ
472 1609 531 1636 ze
571 1597 700 1647 dixit,
746 1599 840 1640 illos
866 1601 1054 1644 humores
1081 1605 1217 1660 super-

91 1665 194 1706 fluos
224 1666 437 1706 absorbere
461 1677 501 1705 et
528 1667 775 1708 consumere.

149 1733 390 1789 Quanquam
441 1748 537 1775 vero
593 1748 674 1775 non
728 1739 959 1792 negamus,
1001 1743 1215 1787 utilitatem

91 1806 288 1857 quandam
317 1804 454 1845 afferre
483 1805 601 1859 posse
629 1818 781 1846 vermes
799 1838 812 1856 ‚
843 1808 1046 1852 fatendum
1086 1816 1216 1855 omni-

90 1886 145 1913 no
167 1873 268 1914 hanc
297 1873 510 1914 utilitatem
536 1886 611 1915 nos
640 1876 801 1929 prorsus
830 1877 951 1918 latere
970 1911 983 1929 ,
1025 1883 1051 1922 fi
1081 1895 1213 1924 autem

91 1943 185 1984 huic
215 1956 467 1996 opponamus
496 1946 698 1994 nocivos,
743 1947 825 1986 imo
854 1946 1021 1989 lethales
1048 1951 1215 1994 effectus

91 2013 141 2053 ab
170 2013 310 2053 iisdem
338 2025 478 2055 nostro
501 2015 541 2054 in
571 2027 744 2068 corpore
771 2016 1025 2071 productos,
1068 2033 1142 2062 nos
1165 2022 1214 2062 il·

1149 2091 1213 2136 los

136 2155 197 2202 (ι)
221 2158 296 2192 Vni.
322 2159 380 2193 lib.
403 2171 433 2204 4.
461 2161 498 2195 de
524 2161 664 2203 lma-his,
687 2173 762 2207 pag.
789 2174 840 2208 71.

603 2219 637 2264 F
