1519 2729
573 204 796 265 (Μ)

113 349 282 399 indole,
313 347 604 401 hominumque
636 345 801 401 ingenio
823 344 969 387 eximie
999 341 1248 385 colebantur.

117 419 265 473 Neque
290 419 330 459 id
354 420 497 459 mirum
524 420 714 471 cuiquam
740 413 911 456 accidat.
972 413 1126 468 Magna
1142 415 1252 454 enim

115 491 270 543 ubique
310 488 622 542 deprehenditur
658 486 873 540 regionum
916 496 956 525 et
996 485 1252 540 ingeniorum

117 560 335 601 diverfitas.
395 557 516 598 Varia
543 559 640 597 item
680 555 758 598 fuit
802 554 1053 609 populorum
1091 552 1256 594 vivendi

117 631 236 671 ratio.
297 627 568 670 Nomadicam
597 629 722 668 vitam
751 626 925 681 agebant
947 625 1039 676 alii,
1084 624 1152 666 alii
1183 636 1255 665 co-

117 699 256 741 lebant
278 698 564 753 agriculturam
582 727 595 745 .,
627 697 697 739 alii
725 708 971 738 mercaturae
992 708 1158 750 operam
1186 706 1256 734 na-

118 768 294 818 vabant3
326 768 394 809 alii
423 767 607 809 venando
625 798 638 818 ,
676 766 875 821 piscando
903 764 970 807 alii
1001 766 1074 808 fibi
1101 766 1257 805 victum

118 837 379 891 quaerebant.
440 837 558 893 Quae
581 851 676 879 cum
709 837 812 879 esset
836 836 1088 891 populorum
1127 835 1258 875 diver-

120 908 236 957 fita3‚
283 907 371 948 aliis
401 909 443 948 in
483 908 722 962 regionibus
759 907 837 948 alia
873 908 1029 948 ratione
1065 904 1259 954 informa·

121 978 267 1018 bantur
293 976 366 1018 Dii
396 989 436 1018 et
465 978 639 1031 proprio
671 977 849 1030 quodam
880 976 993 1017 cultu
1037 975 1260 1028 distingue-

121 1048 280 1088 bantur.
369 1045 478 1090 Hinc
530 1047 711 1096 factum,
770 1057 815 1087 ut
858 1045 975 1095 Indi,
1032 1044 1259 1098 Aegyptii,

119 1116 375 1168 Phoenices,
404 1129 445 1159 et
471 1117 612 1159 Persae
647 1118 689 1157 in
714 1116 828 1158 cultu
856 1116 995 1156 divino
1025 1113 1185 1154 tandem
1202 1112 1263 1153 di-

122 1189 223 1232 verfi
257 1188 459 1239 abierint,
506 1191 573 1231 sua
613 1189 765 1243 quique
804 1186 930 1228 studia
951 1184 1183 1232 etaffectus
1213 1182 1265 1224 ad

123 1255 242 1299 Deos
271 1257 553 1299 transferentes
584 1256 682 1311 (a).

120 1359 127 1364 .
183 1326 253 1370 Sic
271 1329 397 1383 igitur
420 1328 585 1381 disperii
615 1329 801 1369 homines
829 1327 983 1381 fibique
999 1325 1160 1374 relicti,
1181 1324 1266 1365 avi-

120 1408 209 1438 tam
266 1396 315 1437 de
368 1397 569 1453 religione
615 1398 873 1440 traditionem
914 1396 1053 1438 senfini
1108 1395 1266 1436 senfim-

127 1478 208 1520 que
248 1467 368 1508 obliti
396 1468 758 1524 negligentesque,
785 1481 862 1522 pro
897 1466 968 1508 suo
997 1468 1070 1520 ipsi
1100 1466 1269 1520 ingenio

122 1535 248 1584 ,Deos
299 1537 371 1578 fibi
409 1537 622 1580 finxerunt.
713 1538 904 1592 Cumque
968 1549 1043 1591 per
1096 1534 1270 1577 familias

122 1607 306 1659 ⁴primum
349 1608 561 1658 viverent,
606 1621 657 1649 ex
688 1609 763 1650 hac
802 1608 886 1662 ipsa
920 1606 1083 1648 vivendi
1112 1607 1272 1647 ratione
1328 1658 1331 1661 Ι

132 1675 314 1726 factum,
358 1688 403 1717 ut
439 1677 603 1732 singulis
642 1678 808 1720 familiis
848 1678 950 1718 esset
983 1677 1131 1731 aliquis
1155 1688 1272 1730 prae-

133 1746 194 1788 ses
220 1759 261 1787 et
289 1747 424 1788 fautor
443 1747 589 1798 Deus,
634 1750 704 1802 qui
732 1750 787 1790 ita
813 1759 973 1804 regeret
1011 1759 1173 1788 omnem
1201 1758 1272 1786 na-

126 1829 292 1867 turam,
347 1819 520 1872 ipsisque
565 1819 747 1869 faveret,
805 1819 865 1860 uti
920 1818 1041 1859 rebus
1078 1817 1272 1857 domesti-

127 1887 197 1941 *cis
241 1887 518 1940 prospiciebat
561 1888 849 1942 paterfamilias
881 1885 975 1940 (h).
1036 1886 1096 1927 Ita
1132 1884 1276 1926 Laban

137 1957 178 2011 in
218 1956 285 1998 sua
324 1957 406 2012 jam
449 1957 601 1999 familia
632 1956 707 2012 (c)
752 1957 926 2001 coluisse
964 1956 1114 1999 dicitur
1149 1955 1276 1997 Tera-
1333 1956 1343 1985 '²

1155 2026 1275 2090 ,Phim

185 2126 250 2174 (a)
279 2129 493 2172 Niemeyer‚
519 2130 541 2164 1.
570 2131 592 2164 1.
621 2139 694 2173 pag.
720 2140 759 2173 91
788 2131 836 2174 sq.

186 2183 250 2230 (b)
275 2186 449 2226 Meiners,
474 2186 495 2220 l.
525 2187 546 2220 l.
571 2187 635 2221 Th.
666 2188 692 2221 1.
711 2196 784 2230 pag.
806 2196 843 2229 31
873 2186 920 2231 sq.

188 2241 245 2287 (c)
272 2242 358 2277 Gen.
381 2242 502 2278 XXXI:
534 2253 600 2288 19,
624 2254 693 2288 30,
717 2253 781 2287 32,
805 2253 862 2288 53.
899 2243 976 2278 coll.
1004 2238 1275 2289 JosuaxXIV:2.
