1519 2729
519 180 772 238 (125)

87 317 229 358 mutari
268 319 308 358 in
347 320 410 374 J'us
449 319 706 373 perfectum,
752 317 912 361 fimulac
934 322 1020 372 'ego
1049 318 1089 358 in
1118 316 1210 370 ejus

85 386 301 428 utilitatem
347 391 467 430 animi
512 390 744 431 sententiam
786 400 826 429 et
865 388 1115 428 voluntatem
1170 388 1210 427 ci

90 456 245 509 aliquid
282 471 332 499 ex
363 471 455 499 meo
485 459 767 509 concedendi,
798 459 868 511 ipfi
899 469 1082 511 congruo
1120 470 1210 497 mo³

87 527 142 569 do
159 527 485 582 significaverim,
517 540 636 582 atque
664 528 762 578 ille,
794 530 833 569 in
851 528 964 581 cujus
992 527 1210 568 utilitatem

84 597 141 638 ita
155 597 268 638 statui
286 630 299 649 ‚
326 599 558 652 accipiendi
587 600 763 640 animum
791 611 832 639 et
859 597 1111 638 voluntatem
1135 597 1211 636 rite

86 666 362 709 deelaraverit.
391 689 434 700 -
457 668 624 710 Etenim
636 670 706 710 nifi
736 667 1100 710 hisceyactionibus
1127 668 1212 711 vim

89 738 289 790 quandam
331 738 532 779 adscribas
559 749 680 792 atque
707 739 952 788 efficaciam,
997 738 1068 778 nifi
1099 737 1213 777 hisce

87 807 238 850 tribuas
263 807 496 848 facultatem
515 838 527 857 ‚
539 808 638 862 juris
653 809 930 855 conditionem
947 806 1182 848 immutandi
1195 833 1211 854 ,

83 888 152 925 et,
190 877 302 930 quod
327 889 440 916 antea
469 889 605 917 meum
636 891 748 929 erat,
806 881 846 920 in
892 878 1115 920 dominium
1154 875 1213 918 31-

83 948 207 999 εθτίμς
230 947 310 1000 jam
347 946 636 996 transferendi,
682 961 814 989 meum
854 959 1018 1002 quoque
1055 947 1122 1001 jus
1161 945 1211 987 de

81 1017 203 1062 rebus
230 1015 451 1066 statuendi,
485 1017 555 1058 fibi
589 1018 718 1070 ipsum
745 1017 853 1058 foret
880 1016 1139 1057 contrarium.

139 1085 208 1127 Ad
239 1086 342 1128 hanc
384 1098 516 1128 autem
558 1085 782 1127 doctrinam
824 1085 945 1126 dubia
982 1083 1213 1126 adtulerunt

83 1155 229 1206 multi;
279 1155 405 1197 veluti
450 1155 770 1197 Zollnerus
812 1157 853 1196 in
894 1167 1042 1208 opere:
1083 1154 1212 1195 ueber

82 1222 413 1279 Mendelsfohn’s
430 1222 701 1280 jerusalem,
733 1225 891 1266 Flatt
906 1237 964 1265 us
994 1226 1035 1265 in
1064 1236 1210 1277 opere:

85 1294 347 1337 Vermischte
377 1292 587 1350 Versuclze
614 1296 685 1350 Sp.
712 1294 744 1335 Ι.
773 1293 958 1347 Epistola
988 1292 1049 1341 L,
1081 1292 1210 1347 Syp-

85 1364 230 1406 kens‘
261 1366 301 1405 in
333 1365 714 1406 commentatione:
754 1378 852 1406 over
881 1364 930 1405 de
957 1362 1212 1416 betrekking

82 1430 277 1488 tusschen
303 1433 352 1474 de
382 1432 639 1475 Zedekunde
668 1448 719 1476 en
762 1433 835 1476 het
871 1432 1210 1481 Natuurreclzt3

83 1501 331 1544 Dullert
365 1504 406 1544 in
444 1503 766 1546 Dissertatione:
811 1504 861 1544 de
891 1501 1031 1558 Officii
1058 1512 1101 1545 et
1126 1502 1211 1558 su·-

82 1572 148 1613 νίς
194 1573 428 1616 notionibus
471 1584 586 1616 recte
641 1572 835 1630 interse
871 1573 1212 1629 distinguendi53

85 1640 247 1695 aliique.

265 1919 551 1965 vazawm
582 1923 781 1966 doctrina
808 1923 1020 1966 traditur.

140 2057 260 2101 Huf
266 2060 386 2102 elan
404 2061 501 2103 dus
555 2062 719 2116 egregie
774 2061 822 2102 de
875 2061 982 2116 Juris
1022 2063 1210 2106 naturalis

84 2128 212 2171 studio
253 2134 428 2183 meruit3
474 2131 628 2187 prixnus
666 2131 864 2174 Criticam
905 2131 1209 2189 philosophiam

849 2218 851 2220 ·
1163 2203 1214 2246 ad
