1519 2729
582 134 804 195 (89)

134 272 201 314 illa
231 272 415 317 Deorum
441 274 701 332 Dearumque
742 276 944 317 diversitas
982 283 1023 313 et
1065 268 1248 314 multitu-‘²
1305 279 1309 285 '

134 344 202 386 do.
232 343 311 398 (1)
372 345 577 388 Praeterea
619 359 811 401 quoque,
855 344 970 385 Deos
1015 343 1065 383 ad
1107 343 1245 383 huma·

134 426 207 455 nae
236 416 527 458 imbecillitatis
563 420 760 459 rationem
802 416 1054 469 cogitantes,
1076 408 1247 454 'cultio-

135 495 198 525 res
244 486 362 526 etiam
417 487 562 540 populi
601 487 736 540 plures
788 485 1052 526 admittebant
1099 482 1247 531 Deos,

136 565 289 607 eosque
319 556 481 610 lingulis
504 558 764 612 regionibus,
798 554 959 609 fingulis
992 565 1152 594 naturae
1188 548 1251 591 re-

138 625 255 677 gnis,
300 628 549 679 caeterisque
598 624 1049 681 praeesseecensebant.
1110 622 1249 663 Unum

139 694 244 734 enim
262 686 398 735 Deum
414 696 711 738 omnemhunc
735 696 926 737 mundum
957 693 1127 747 dirigere
1151 704 1246 743 pos-

141 763 181 802 se
219 765 286 804 vix
327 766 556 807 credebant.
620 767 810 819 Denique
854 777 895 805 et
931 765 1036 805 vires
1089 763 1160 803 fibi
1190 762 1250 800 in-

141 835 272 874 vicem
291 837 509 875 contrarias
528 867 540 885 ‚
569 836 761 891 legesque
788 846 948 875 naturae
979 834 1049 874 fibi
1079 832 1254 872 invicem

141 905 369 955 oppofitas‚
398 906 710 946 animadvertere
737 906 1055 952 arbitrabantur,
1088 900 1198 954 quod
1213 911 1255 940 et

142 973 342 1014 fortunata
360 973 474 1027 saepe
502 975 572 1015 fibi
600 978 915 1028 contingerent,
948 986 988 1013 et
1015 970 1127 1012 fimul
1154 969 1259 1010 mala

141 1043 368 1096 gravissima
397 1042 588 1084 sustinere
618 1044 825 1085 deberent.
886 1042 943 1083 Et
971 1043 1023 1082 ita
1051 1041 1163 1081 hisce
1184 1039 1257 1079 ali-

145 1113 259 1165 isque
288 1115 663 1166 opportunitatibus
703 1115 883 1162 inducti,
930 1111 1128 1152 infinitum
1173 1108 1257 1149 fere

145 1195 354 1224 numerum
385 1182 570 1225 Deorum
598 1183 861 1236 Dearumque
888 1183 1084 1222 maiorum
1115 1191 1156 1219 et
1183 1179 1258 1218 ini-

141 1265 287 1293 norum
341 1255 555 1308 gentium,
599 1255 670 1295 suo
711 1256 862 1308 quique
916 1251 1040 1292 modo
1080 1248 1260 1290 venerari

143 1322 338 1363 solebant.
373 1323 537 1365 -‚1mo
576 1335 616 1364 et
660 1326 714 1374 ii,
757 1325 827 1377 qui
872 1321 1116 1362 harmoniam
1160 1330 1258 1359 con-

142 1388 506 1446 spiciebantistam
535 1394 743 1442 mirificam
762 1424 774 1443 ,
806 1406 856 1433 eo
885 1403 1015 1432 tamen
1043 1402 1126 1430 non
1157 1388 1256 1428 sem-

141 1475 215 1516 per
269 1463 424 1504 inducti
464 1464 650 1514 fuerunt,
694 1476 757 1506 ut,
789 1475 912 1503 unum
957 1460 1081 1501 modo
1121 1458 1259 1501 Deum

143 1531 435 1587 agnoscercnw,
467 1534 687 1587 putabant,
717 1534 853 1581 enim,
884 1531 1020 1584 prouti
1051 1528 1258 1569 Balbus

145 1601 336 1643 Stoicus:
370 1601 449 1656 (2)
480 1603 591 1645 Deos
622 1605 737 1645 inter
756 1600 833 1658 fh,
867 1599 988 1656 quasi
1011 1599 1131 1641 civili
1166 1612 1258 1638 con-

144 1672 360 1714 ciliatione
390 1684 431 1714 et
451 1671 653 1729 fhciemte
683 1663 946 1720 'coniunctam
979 1683 1106 1712 unum
1142 1680 1260 1709 'mun-

145 1740 270 1791 dum,
313 1752 360 1783 ut
402 1757 651 1786 communem
683 1745 986 1798 rempublicmn
1024 1750 1152 1794 alque
1187 1751 1260 1778 ur-

146 1811 234 1852 bem
264 1813 456 1866 aliquam
468 1824 485 1862 ‘,
516 1821 679 1870 regere.

205 1879 361 1934 Quodsi
388 1896 486 1924 vero
524 1886 821 1928 confideremus
858 1883 1046 1931 ἰσονομίαν
1079 1881 1213 1933 illam.⁶
1221 1879 1262 1919 in

150 1953 258 1997 omni
310 1953 390 1994 hoc
434 1956 650 2011 universo?
694 1954 1021 2009 aequabilitatem
1062 1951 1171 1993 illam
1222 1951 1262 1989 in

821 2053 838 2058 ,
1188 2019 1263 2061 sm-

191 2110 255 2156 (1)
282 2113 623 2156 Hemsterhuis,
648 2116 670 2150 l.
694 2117 716 2150 l.
739 2125 774 2158 p.
799 2125 874 2158 321.

192 2167 254 2214 (2)
278 2171 373 2206 Cic.
393 2172 431 2205 de
448 2180 518 2208 nat.
537 2174 634 2208 Deor.
661 2174 705 2222 Il.
734 2183 788 2216 31.
