1519 2729
565 161 788 219 (25)

96 312 240 347 terram
271 300 467 344 exstructa
498 298 595 354 Ca).
633 299 918 341 -Ammonitae
961 307 1096 338 autem
1140 298 1232 349 ipss-

96 385 176 427 que
202 371 405 412 Israelitae
433 372 473 410 in
500 371 684 413 tentoriis
701 372 883 411 viventes
899 398 912 418 ,
945 368 1118 408 tentoria
1139 364 1235 406 Diis

96 442 374 492 fabricarunt,
418 451 463 480 et
490 440 624 481 secum
654 451 868 493 portarunt
900 439 967 484 τὴν
997 439 1132 483 emb-mv
1168 439 1236 478 τοῦ

96 513 237 561 Μόλοχ
255 500 347 564 Cb).
379 535 426 542 —
455 509 605 564 Agitur
626 522 760 552 autem
791 510 918 550 homo
947 509 1122 549 maxime
1150 507 1233 547 hoc

101 582 260 632 studio,
290 591 334 623 ut
363 594 425 621 res
453 593 714 635 quascunque
746 581 787 621 in
812 591 952 620 natura
982 580 1123 619 obvias
1152 588 1237 617 arte

98 652 271 706 effingat.
337 650 456 692 Pueri
501 650 603 691 nihil
653 663 736 691 non
773 649 968 690 imitando
1012 648 1239 701 exprimere

98 732 246 762 amant.
308 720 485 776 Pingunt
511 722 638 762 varias
655 721 801 776 figuras
817 749 830 769 ‚
863 719 1061 772 imprimis
1088 718 1239 758 anima-

98 789 228 841 lium,
275 791 423 845 quibus
470 793 717 846 magnopere
769 790 1049 839 delectantur,
1107 787 1240 840 iisque

99 861 363 903 vehementer
391 861 463 902 fibi
490 860 667 914 placent.
730 860 997 914 Quantopere
1036 857 1117 898 hoc
1161 856 1267 897 stu·-

101 931 174 972 dio
203 929 435 984 praesertim
467 929 658 971 delectati
689 930 839 971 fuerint
859 927 1127 975 'Orientales‚
1165 925 1240 966 do-

102 1011 198 1042 cent
237 1012 314 1039 nos
352 998 594 1049 multifariae
633 1000 850 1053 imagines,
895 999 935 1038 in
964 996 1158 1038 obeliscis
1198 1000 1243 1035 et

102 1071 378 1113 monumentis
406 1068 490 1109 fere
521 1069 711 1110 omnibus
741 1068 927 1122 depictae
957 1067 1022 1110 vel
1044 1065 1239 1119 sculptae,

104 1139 222 1182 Hanc
253 1150 379 1180 artem
406 1139 455 1181 ad
484 1140 639 1179 divinas
664 1149 850 1188 naturaS‚
882 1149 1124 1193 quacunque
1154 1147 1240 1176 tan-

104 1210 197 1251 dem
241 1210 415 1264 imagine
452 1208 708 1258 referendas,
754 1208 1006 1262 potissimum
1045 1206 1240 1247 adhibue-

103 1290 211 1320 runt.
272 1277 464 1328 Etenim,
496 1291 589 1320 cum
605 1277 646 1318 id
672 1279 843 1319 maxime
871 1278 1059 1332 effingere
1087 1275 1242 1317 artibus

104 1347 284 1389 studeant
323 1348 508 1388 homines
523 1351 545 1398 ,'
583 1348 695 1402 quod
738 1350 910 1389 maxime
948 1358 1016 1388 aut
1044 1346 1244 1387 admiran-

106 1428 197 1468 tur,
241 1428 309 1458 aut
337 1429 606 1468 venerantur,
649 1431 825 1472 cumque
854 1418 962 1472 apud
989 1418 1117 1457 varias
1144 1427 1242 1471 gen-

107 1497 167 1527 tes
209 1488 373 1542 regibus
421 1488 699 1543 heroibusque
743 1488 895 1543 positae
938 1489 1012 1530 fint
1062 1486 1241 1537 statuae,

109 1559 237 1599 immo
283 1571 382 1599 vero
434 1560 475 1599 in
517 1560 739 1601 cultiorum
783 1561 903 1600 etiam
946 1558 1158 1600 hominum
1201 1567 1243 1597 et

54 1639 62 1645 ‘
107 1639 247 1669 nostra
263 1640 390 1669 aetate
420 1632 642 1672 viventium
672 1630 862 1681 aedibus,
896 1630 1020 1670 totius
1035 1627 1242 1677 familiae,

110 1700 285 1740 maxime
331 1712 429 1741 vero
470 1703 596 1755 patris
648 1703 866 1754 matrisque
908 1702 1102 1755 imagines
1143 1710 1245 1739 con·

110 1768 332 1821 spiciantur
360 1769 570 1824 depictae:
610 1771 824 1825 quomodo
850 1769 1008 1811 tandem
1048 1767 1135 1810 fieri
1172 1766 1245 1809 ali-

112 1849 172 1879 ter
196 1839 423 1893 potuisset,
454 1841 552 1895 quin
574 1830 696 1883 hasce
710 1852 869 1883 naturas
885 1840 1136 1894 superiores,
1164 1850 1247 1880 ma-

1185 1921 1245 1949 Χι-

133 2008 221 2054 (a)
247 2010 408 2053 Heeren,
432 2012 451 2044 l.
481 2013 500 2046 l.
526 2014 542 2048 Ι
571 2012 631 2047 Th.
663 2012 695 2046 11
716 2012 815 2045 Abth.
844 2021 915 2056 pag.
945 2022 1035 2056 309,
1063 2019 1150 2054 310,
1184 2017 1244 2052 311

110 2068 199 2110 seqq.
232 2075 267 2100 et
294 2067 368 2111 698.

155 2121 217 2167 Cb)
242 2124 342 2158 Amos
364 2126 404 2159 V:
428 2127 482 2161 26.
517 2126 594 2162 Act.
621 2126 697 2162 VII:
720 2137 763 2171 43
826 2126 922 2161 Conf.
953 2127 1140 2162 Comment.
1169 2122 1251 2158 Kui-

110 2181 210 2214 noelii
237 2181 277 2215 ad
296 2181 326 2215 h.
355 2182 374 2216 l.
