1519 2729
591 166 814 225 (37)

143 295 250 352 gulis
278 310 323 339 ea
353 299 436 352 ipsa
462 301 544 343 esse
570 305 768 359 petenda,
815 321 917 363 quae
950 309 1125 353 familiae
1165 316 1250 356 cui-

140 365 232 407 dam
270 380 338 408 aut
381 370 501 411 tribui
539 373 669 414 essent
706 378 927 429 peculiaria
967 381 1101 433 bona,
1146 382 1254 426 alios

140 433 256 482 Deos
276 437 462 495 divitias,
493 441 594 483 alios
622 456 746 487 terrae
773 446 938 503 fruges,
971 451 1068 493 belli
1086 452 1249 495 fortitu-

138 502 272 545 dinem
285 518 326 546 et
353 510 544 552 victorias
571 513 662 554 dare
695 513 810 557 alios.
843 517 960 573 Quae
983 532 1082 577 ergo
1100 523 1250 577 fingula

137 573 164 614 fi
193 587 427 629 appeterent
454 579 661 634 Hebraei,
702 586 753 628 ad
775 589 1003 632 istiusmodi
1034 593 1252 645 quemdam

133 640 271 687 Deum
309 649 631 706 confugiebant,
676 669 798 709 quem
836 660 942 713 apud
982 662 1149 703 divitem
1179 674 1248 704 aut

128 716 275 771 artium
300 721 474 770 peritum
504 735 572 764 aut
601 724 714 767 bello
754 727 1002 772 fortunatum
1042 733 1247 787 populum

130 785 215 826 coli
243 788 424 831 viderant
454 791 551 846 (a).
623 795 687 838 Ac
716 797 905 851 Judicum
948 813 1131 856 tempore
1172 817 1246 858 pe-

127 857 380 909 regrinorum
421 859 609 906 Deorum
651 867 886 917 cultus,ita
928 870 1048 912 semel
1078 886 1244 926 praeva-

125 921 228 974 luit,
274 937 339 977 ut,
385 942 505 982 quem
531 920 663 976 ⁴antea
702 939 790 990 pari
826 952 921 982 cum
949 944 1117 982 caeteris
1144 942 1242 983 Diis

123 992 280 1036 honore
320 997 536 1042 affecerant
571 1003 796 1057 Jehovam,
838 1021 945 1051 nunc
979 1010 1098 1064 plane
1128 1011 1242 1053 dese-

119 1075 282 1117 rerent,
314 1066 435 1122 seque
467 1082 578 1114 totos
606 1075 806 1126 traderent
831 1077 1017 1122 Deastris
1046 1078 1139 1135 (b).

175 1133 325 1190 Neque
366 1141 395 1180 ii
439 1143 587 1195 etiam,
632 1138 710 1198 qui²
740 1146 920 1200 Jehovae
962 1151 1112 1193 addicti
1154 1164 1237 1194 ma-

116 1204 288 1257 nebant,
332 1210 382 1250 ab
424 1214 536 1253 omni
580 1215 869 1267 superstitionis
907 1219 998 1262 labe
1041 1222 1079 1262 se
1119 1234 1235 1275 prae-

114 1273 268 1317 stabant
288 1279 499 1322 immunes.
556 1282 678 1337 Josua
705 1288 812 1328 enim
842 1290 910 1331 vix
940 1303 1103 1333 mortuo
1135 1291 1234 1345 (c),

112 1342 259 1387 Levita
309 1348 456 1403 aliquis
493 1350 690 1405 Jehovaffi
733 1357 806 1399 sub
845 1361 1022 1416 imagine
1060 1361 1234 1415 quadam

113 1414 249 1457 colere
288 1429 371 1459 non
412 1421 639 1474 recusavit,
697 1437 739 1466 et
799 1430 1011 1484 principes
1062 1431 1230 1473 subinde

110 1486 186 1526 viri
224 1485 404 1540 Jehovae
445 1490 609 1534 statuam
651 1495 901 1549 posueruntz,
948 1501 1061 1554 quod
1101 1515 1229 1556 quan·

77 1574 80 1575 ν
112 1564 255 1608 topere
294 1571 316 1598 a
356 1561 510 1601 fincero
529 1555 627 1617 'ejus
656 1564 769 1608 cultu
794 1569 896 1610 esset
923 1570 1129 1622 alienum,
1162 1586 1226 1617 ¹ex

106 1624 226 1678 ipfius
253 1627 439 1686 decalogi
468 1636 698 1688 praeceptis
720 1636 812 1679 satis
828 1641 975 1695 cuique
999 1653 1111 1696 patet
1128 1641 1223 1711 (d).

1087 1713 1113 1766 §
1145 1712 1219 1755 VI.

148 1862 212 1911 (a)
238 1868 345 1904 Hosea
374 1873 417 1907 11:
441 1885 474 1918 7.
498 1862 625 1922 Jerem.
649 1878 768 1915 XLIV:
792 1892 844 1927 17.
871 1893 892 1916 2
913 1883 1040 1919 chron.
1064 1887 1218 1921 XXVIII:

98 1931 156 1965 23.
203 1927 302 1961 Conf.
331 1929 526 1973 Michaelis,
550 1935 571 1969 l.
600 1936 620 1969 l.
645 1937 659 1970 Ι
680 1936 743 1971 Th.
769 1939 787 1981 §
813 1949 868 1982 33.
885 1950 958 1983 pag.
990 1951 1052 1986 174
1076 1944 1107 1976 in
1130 1952 1217 1980 nota.
1248 1962 1255 1972 κ

144 1978 206 2024 (b)
230 1982 306 2026 Jud.
331 1985 422 2020 viu:
444 1989 498 2029 38·
514 1990 554 2022 X:
574 1991 606 2025 6.
630 1993 729 2026 conf.
741 1995 794 2028 σι.
809 2005 869 2028 van
888 1996 949 2030 der
965 1998 1125 2040 Paim‚ad
1140 2000 1173 2034 h.
1193 2000 1216 2036 r
1238 2018 1240 2021 v
1289 1988 1295 1992 ’

145 2037 202 2083 (c)
228 2040 371 2076 Historia
390 2043 471 2078 haec
503 2056 649 2081 narratur
676 2049 754 2094 Jud.
777 2051 893 2092 XVII,
916 2055 1055 2098 XVIII,
1094 2066 1128 2091 et
1161 2067 1215 2091 re-

97 2092 234 2129 ferenda
258 2097 392 2132 videtur
414 2100 451 2133 ad
469 2110 597 2145 tempus
626 2114 759 2139 mortuo
781 2107 896 2153 Josuae
923 2110 1122 2154 proximum.
1160 2115 1215 2149 Ch

97 2150 240 2193 Pareau,
267 2155 329 2188 Int.
357 2157 435 2191 Vet.
461 2158 555 2193 Test.
581 2161 694 2196 P.111.
722 2163 752 2197 S.
774 2164 800 2197 Ι.
824 2166 865 2200 C.
889 2167 947 2201 1V.
962 2171 1212 2215 §'3.pag.413.

141 2205 204 2254 (d)
227 2211 436 2256 Di5crimen,
460 2215 551 2261 quod
580 2217 668 2252 iuter
695 2217 858 2257 idolorum
881 2225 1006 2261 cultum
1021 2251 1033 2270 ‚
1055 2228 1113 2263 sub
1127 2238 1212 2272 quo-

1134 2293 1208 2319 rum
