1519 2729
727 213 760 268 ¹(
819 212 955 268 36)

292 364 345 394 eo
387 351 519 394 minus
557 350 736 406 Jehovae
778 348 886 393 sacra
911 351 1117 392 aestimare
1146 335 1400 402 coeperunt,

289 423 442 476 fibique
499 421 774 475 quaesiverunt
840 421 1079 476 religionem
1137 418 1394 468 faciliorem,

287 491 581 545 cupiditatibus
622 491 814 544 vitiisque
857 491 934 532 suis
984 489 1255 530 blandientem
1300 486 1398 543 (a).

289 560 438 616 Quid?
469 561 582 614 quod
609 572 660 601 eo
690 560 978 613 superstitionis
1013 568 1309 613 pervenerunt,
1353 569 1400 598 ut

285 632 329 672 in
357 631 554 695 honprem
585 628 780 671 Molochi
811 629 918 670 filios
961 630 1288 684 primogenitos,
1332 641 1398 668 ca-

285 700 436 741 risfima
463 702 662 754 pignora,
695 700 1007 747 comburerent,
1041 697 1230 751 ipsaeque
1253 706 1399 736 matres

286 770 365 810 fine
381 769 475 810 fletu
497 779 564 809 aut
586 769 737 823 gemitu
763 768 986 817 adstarent,
1018 767 1112 809 dum
1139 765 1286 814 liberi,
1318 778 1400 806 ma-

284 839 404 879 nibus
431 837 592 879 nefandi
623 837 758 886 Idoli,
803 838 915 891 quod
945 839 1050 878 intus
1080 838 1174 891 igne
1203 834 1402 877 accende·-

283 908 799 961 batur,1mpost1inter
828 909 1012 948 tubarum
1043 905 1276 960 clangorem
1302 905 1401 945 hor-

282 979 408 1020 tendo
436 978 561 1018 modo
589 977 914 1018 immolabantur.
975 976 1033 1017 Ut
1061 987 1193 1017 autem
1223 974 1400 1016 Hebraei

282 1049 381 1089 haec
411 1048 519 1089 sacra
557 1058 667 1088 tanto
697 1047 826 1088 studio
857 1045 1130 1095 sectarentur,
1175 1044 1312 1086 effecit
1347 1046 1401 1085 ri·

280 1130 394 1159 tuum
425 1117 642 1158 multitudo
672 1117 785 1169 saepe
813 1115 1087 1170 jucundorum
1123 1125 1163 1155 et
1203 1108 1400 1155 libidino-

279 1188 413 1229 sorum
431 1217 445 1236 ‚
482 1197 659 1240 pompae
687 1183 902 1236 splendor,
945 1186 1242 1237 criminumque
1269 1183 1398 1224 licen-

280 1258 364 1306 tia,
410 1255 522 1309 quod
547 1255 750 1308 posterius
780 1255 879 1294 ritus
919 1256 1038 1295 etiam
1069 1267 1141 1307 per
1170 1255 1209 1295 se
1235 1256 1398 1306 tristes,

276 1328 459 1382 ingratos
485 1336 527 1365 et
555 1323 736 1366 crudeles
761 1323 891 1365 reddit
914 1324 1226 1377 jucundisfimos
1258 1314 1352 1378 (b).

335 1396 418 1437 Sed
445 1395 522 1435 alia
548 1406 712 1447 quoque
737 1393 859 1433 nobis
887 1394 974 1444 sunt
1000 1393 1260 1434 observanda.
1301 1384 1397 1434 His-

276 1477 326 1508 ce
354 1464 517 1519 quidem
549 1462 800 1516 temporibus
824 1464 1003 1504 nondum
1034 1476 1085 1505 eo
1115 1463 1397 1517 processerant

275 1534 510 1583 {sraffiitaffi
548 1544 593 1574 ut
632 1531 769 1587 legum
799 1533 1075 1575 Mosaicarum
1119 1533 1397 1587 ptaestantiam

260 1608 559 1661 perciperent,
589 1613 630 1643 et
656 1602 836 1657 Jehovae
864 1617 959 1657 prae
991 1605 1160 1645 caeteris
1191 1602 1287 1644 Diis
1317 1616 1395 1658 po-

278 1664 445 1714 tentiam
471 1685 513 1714 et
538 1672 780 1726 maJ‘estatem
808 1673 964 1727 semper
992 1684 1290 1728 agnoscerent,
1321 1676 1393 1727 qui

274 1755 378 1784 unus
415 1744 594 1783 omnium
633 1755 703 1784 rex
747 1754 787 1783 et
814 1743 1002 1784 dominus
1033 1743 1222 1784 omnibus
1249 1755 1393 1784 eorum

273 1813 395 1853 rebus
421 1815 576 1867 optime
604 1813 871 1867 prospiceret.
945 1813 1044 1854 Erat
1077 1815 1183 1854 enim
1214 1813 1313 1855 haec
1343 1813 1391 1854 il-

274 1883 408 1924 lorum
432 1883 643 1923 hominum
674 1883 840 1935 opinio,
874 1894 896 1922 e
934 1883 1173 1938 singularum
1217 1883 1389 1924 familia·

276 1965 364 1992 rum
391 1952 588 2005 peculiari
617 1951 730 1992 cultu
761 1953 874 1994 sacro
906 1965 1022 2003 orta,
1068 1953 1245 2009 fingulos
1273 1952 1390 1994 Deos

277 2022 442 2076 singulis
471 2023 591 2064 rebus
619 2024 661 2063 in
691 2036 822 2064 rerum
851 2034 988 2065 natura
1015 2023 1226 2078 praeesse,
1263 2036 1285 2064 a
1315 2024 1389 2065 fin-

1315 2105 1388 2148 gu·

318 2177 386 2223 (a)
406 2181 517 2215 Verba
541 2180 612 2214 sunt
637 2181 691 2215 CI.
719 2181 943 2224 Verschuirii,
971 2184 993 2217 l.
1017 2184 1039 2219 1.
1060 2193 1136 2228 pag.
1167 2185 1240 2228 178.

310 2235 379 2282 (b)
403 2237 582 2272 Verschuir
596 2261 607 2279 ,
632 2238 656 2271 1.
674 2238 698 2272 l.
723 2247 759 2282 p.
780 2248 841 2282 173
856 2259 868 2265 —
881 2240 955 2284 176.
