1519 2729
663 122 687 176 <
744 133 798 174 45
857 116 883 170 >

642 259 665 311 ς
697 254 871 298 XXXV.

258 404 324 446 Ex
353 414 442 444 ante
470 401 588 442 dictis
625 409 756 439 autem
786 405 924 449 patet,
954 375 1220 436 methodum,>
1251 385 1323 426 tali

205 477 359 518 ratione
399 471 655 518 confectam,
716 466 896 506 omnium
952 461 1123 501 maxime
1164 467 1326 498 naturae

205 529 456 598 congruum'v
479 538 577 580 esse.
644 537 752 579 Cum
794 546 892 576 vero
931 531 996 585 Ju
1013 527 1202 569 ssievu
1220 539 1237 566 s
1268 537 1325 566 ta-

204 614 285 655 lem
340 611 683 653 clasfificationem
743 602 995 649 condiderit,
1053 599 1179 650 ezique
1243 607 1327 635 me-

205 683 334 725 thodo
359 680 526 722 naturali
547 690 727 733 magnam
744 672 1128 720 laudatisfimamque
1143 668 1327 707 immuta-

205 756 357 794 tionem
386 749 591 798 attulerit,
623 749 708 802 ejus
736 742 950 785 methodus
978 738 1188 780 secundam
1204 736 1327 788 syste-

207 823 323 864 matis
373 819 561 860 naturalis
593 815 804 872 periodum
841 809 1040 866 aperuisse
1083 807 1181 847 mihi
1220 804 1328 845 vide-

206 905 298 941 tur,
344 890 455 943 quod
498 901 537 929 et
581 885 901 929 Cuvierius
933 877 1011 934 (1)
1049 878 1224 918 indicare
1257 886 1334 914 vo-.

206 961 326 1003 luisse
359 958 577 1001 censendus
620 969 708 1005 est,
749 951 1005 1008 Jussievi
1034 951 1073 988 in
1103 947 1222 987 rebus
1247 943 1329 983 Bo-

208 1028 583 1081 tanicis'periodum
624 1023 895 1077 comparando
924 1032 1015 1061 cum
1055 1013 1328 1059 Lavoise-

207 1102 280 1142 rii
308 1097 481 1152 periodo
504 1098 544 1137 in
571 1095 795 1137 Chemicis.
1319 1086 1321 1089 ⁴

637 1231 916 1290 §,XXXVL

267 1378 395 1435 Quod
428 1378 478 1419 ad
516 1376 861 1419 clasfificationem
913 1370 1114 1423 expositae
1155 1365 1333 1406 theoriae

211 1450 365 1491 attinet.
425 1448 678 1502 Quamquam
711 1447 815 1485 inter
843 1442 1092 1482 characteres
1121 1433 1338 1490 primari-

206 1517 253 1560 ὀς
304 1517 533 1573 uniformes
590 1514 669 1570 (2)
721 1511 1012 1564 cotyledonum
1065 1517 1254 1546 numerus
1295 1513 1338 1543 et

213 1589 420 1629 staminum
461 1588 510 1628 ad
543 1585 693 1640 pistilla
719 1585 822 1624 ratio
849 1581 932 1622 fere
959 1573 1339 1631 aeque-constantes

216 1659 330 1706 sunt,
362 1669 492 1697 tamen
514 1656 578 1710 Ju
594 1669 611 1696 s
628 1655 670 1695 si
686 1667 707 1694 e
723 1668 748 1693 v
764 1666 788 1693 o
820 1651 946 1692 visum
963 1660 1023 1688 est
1039 1677 1052 1693 ,
1083 1645 1276 1698 majorem
1299 1652 1340 1681 et

217 1730 471 1781 praecipuam
522 1725 689 1766 universi
735 1723 849 1776 regni
900 1715 1138 1774 vegetabilis
1179 1711 1339 1752 divifio-

218 1810 308 1837 nem
338 1811 359 1837 a
389 1796 703 1849 cotyledonibus
734 1789 987 1832 derivandam
1039 1783 1149 1831 esse,
1196 1782 1342 1835 quoni-

219 1881 280 1908 am
307 1867 467 1907 stamina
505 1878 545 1906 et
574 1865 663 1917 styli
686 1864 819 1905 'citius
854 1865 1125 1902 evanescunt,
1169 1851 1339 1903 embryo

224 1938 373 1978 certius
394 1936 589 1989 perfistit,
633 1946 673 1975 et
699 1943 836 1974 natura
864 1941 928 1970 eas
954 1937 1115 1982 partes,
1158 1934 1260 1975 quae
1289 1919 1341 1961 ad

1268 1989 1338 2031 ali·
1369 1993 1375 2001 ”

265 2091 329 2136 (1)
353 2095 380 2128 C
397 2094 478 2125 uvi
496 2103 514 2126 e
531 2103 547 2125 r
560 2117 569 2133 ,
595 2101 727 2137 rapport
750 2090 808 2135 fio·
831 2091 872 2125 les
897 2090 1028 2132 Progres
1053 2085 1104 2119 des
1130 2084 1276 2118 Scicnces.

265 2149 328 2196 (ε)
353 2151 454 2185 Conf.
484 2151 502 2195 §
528 2150 677 2186 xxxiv,
1324 2130 1327 2133 ’
