1519 2729
733 219 957 274 (80)

286 363 484 417 gratuitae
526 362 645 414 opis,
687 371 763 399 nec
791 357 918 399 ullum
955 358 1104 412 gratiae
1134 354 1413 397 conciliandae

287 433 446 472 initium
490 429 585 485 (1).
615 444 659 452 -
691 427 804 470 Haec
844 429 1006 482 quidem
1047 429 1306 480 requiruntur
1343 437 1413 465 ne-

285 500 459 541 cessario
489 499 538 541 ad
567 498 806 539 societatem
836 499 966 546 bene,
1011 509 1051 538 et
1091 498 1211 552 digne
1255 497 1414 539 ordina-

285 581 398 620 tam,
440 582 522 610 non
563 570 618 610 ita
664 579 794 608 tamen
835 569 1118 621 requiruntur,
1166 580 1210 608 ut
1239 568 1317 608 fine
1344 578 1414 606 eo-

282 654 370 681 rum
403 639 676 693 praestatione
723 639 865 677 civitas
918 637 1097 677 constare
1148 648 1336 690 nequeat.
1369 659 1416 668 —

283 739 312 762 ‚,
342 708 428 762 Qui
467 709 572 748 enim
590 706 634 757 ‚''
664 707 798 759 inquit
826 717 965 746 noster
985 703 1065 758 (2)
1083 736 1095 755 ‚
1126 735 1155 759 ,‚
1184 706 1286 747 nihil
1315 706 1415 747 boni

280 780 323 819 in
353 790 418 817 me
459 776 649 826 confert,
678 777 747 830 qui
777 788 854 816 nec
883 775 1064 830 vulgaria
1093 776 1256 829 quidem
1284 775 1416 817 officia

281 861 442 890 mecum
474 849 644 895 miscet,
685 859 778 887 cum
807 858 858 886 eo
886 857 1017 886 tamen
1048 844 1262 898 tranquille
1303 845 1415 885 vive-

282 932 324 960 re
354 917 517 972 possum
534 947 546 967 ‚
578 915 703 956 modo
731 914 840 956 nulla
866 916 1021 955 ratione
1051 927 1114 954 me
1140 913 1276 955 laedit.
1338 912 1417 953 Ast

283 1001 470 1036 cumeo,
500 989 570 1041 qui
586 999 649 1026 me
663 985 812 1033 laedit,
840 983 955 1024 nullo
970 984 1095 1024 modo
1123 983 1295 1037 pacifice
1317 995 1416 1038 pos-

282 1058 368 1100 sum
383 1060 540 1106 vivcr03
572 1070 664 1097 curn
678 1067 816 1097 natura
832 1055 979 1106 cuique
1008 1066 1085 1094 tam
1101 1065 1280 1096 tenerum
1304 1066 1415 1094 amo-

281 1142 366 1170 rem
394 1129 451 1169 sui
479 1139 692 1178 rerumque
722 1125 876 1165 suarum
906 1123 1114 1171 insererit‚
1146 1135 1191 1164 ut
1216 1136 1298 1164 non
1319 1136 1415 1177 pos-

280 1201 327 1241 fit
356 1211 438 1238 non
470 1195 659 1236 omnibus
688 1193 819 1234 modis
847 1191 1046 1244 repellere
1075 1206 1166 1235 eum
1185 1223 1198 1244 ,
1251 1195 1321 1247 qui
1362 1194 1415 1233 is—

283 1272 333 1310 tis
355 1280 502 1309 noxam
531 1264 678 1305 inferre
705 1261 1004 1317 aggrediatur.''

339 1340 478 1393 Atque
505 1336 605 1377 haec
644 1344 705 1375 est
747 1333 849 1374 levis
889 1342 931 1372 et
968 1345 1046 1387 pro
1085 1333 1240 1375 viribus
1275 1332 1417 1374 tradita

1324 1402 1356 1443 P
1371 1415 1415 1443 u-

328 1531 391 1578 (ι)
416 1534 479 1567 Pu
496 1531 578 1565 fen
594 1529 627 1564 d.
655 1530 694 1563 de
721 1527 784 1572 off.
811 1529 856 1562 H.
883 1536 916 1562 et
939 1530 973 1563 c.
998 1529 1024 1563 1.
1044 1538 1075 1563 c.
1099 1520 1130 1564 8.
1156 1531 1174 1573 ς
1199 1539 1233 1573 7.
1293 1529 1418 1563 obser-

281 1600 335 1624 vat
366 1592 390 1625 P
405 1601 427 1623 u
442 1590 489 1624 fe
506 1599 525 1621 n
541 1587 561 1620 d
578 1598 599 1620 0
614 1596 629 1619 r
645 1586 684 1626 f,
725 1584 802 1618 Lib.
827 1585 872 1618 ΙΙ.
894 1594 924 1617 c.
946 1593 978 1626 3.
998 1586 1016 1628 §
1043 1586 1075 1619 8.
1112 1587 1226 1628 plures
1261 1593 1418 1618 auctores

281 1649 401 1682 sentire
433 1645 518 1678 idem
548 1643 590 1677 de
615 1651 709 1684 grato
737 1642 866 1681 animo,
894 1642 1057 1675 societatis
1079 1643 1204 1685 optimo
1225 1641 1417 1675 conciliato-

282 1715 332 1740 re.
357 1704 465 1736 -lta
487 1698 807 1737 cumberland,
829 1697 972 1740 deoeeg.
994 1697 1125 1732 Nat.c.
1144 1708 1174 1732 1.
1205 1699 1274 1742 §4.
1299 1723 1323 1741 „
1347 1695 1417 1730 offi-

281 1763 370 1796 cium
389 1759 601 1804 primarium,
630 1754 720 1797 quod
736 1755 812 1796 lege
837 1755 971 1787 naturali
993 1754 1250 1797 praescribitur,
1274 1753 1420 1788 consistit

282 1820 314 1852 in
338 1818 472 1852 coasilio
499 1815 622 1846 bonum
646 1811 817 1854 publicum
837 1810 1003 1853 augendi,
1041 1812 1097 1844 vel
1125 1811 1156 1843 in
1184 1810 1419 1844 benevolentia

280 1883 377 1916 quam
405 1872 541 1904 maxima
574 1869 604 1901 in
629 1868 735 1900 onmia
755 1868 887 1900 omnino
914 1868 999 1901 entia
1022 1869 1207 1907 rationalia,
1231 1868 1326 1913 nullis
1357 1876 1416 1900 ex-

286 1927 427 1971 ceptis.”
452 1948 489 1956 -
514 1925 606 1960 Idem
635 1923 677 1957 de
708 1923 740 1957 H
756 1933 774 1956 e
791 1934 807 1957 r
822 1933 834 1958 t
849 1925 857 1957 i
874 1935 896 1958 o
934 1925 1084 1967 opinatur
1120 1925 1354 1968 Barbeymct‘us
1385 1924 1417 1957 in

279 1995 355 2019 nota
379 1996 412 2029 9.
433 1982 471 2016 ad
500 1983 533 2016 h.
562 1983 585 2015 l.
613 1990 714 2023 quem
737 1979 872 2015 diversis
900 1981 1034 2024 quidem
1073 1981 1185 2014 verbis
1209 1980 1297 2014 idem
1325 1981 1417 2013 innu-

283 2043 342 2075 isse
359 2042 489 2079 censet,
513 2039 543 2071 in
559 2038 795 2071 Disl'ertatione
819 2039 857 2071 de
880 2039 1087 2078 Sadalam,
1109 2041 1213 2082 primo
1223 2038 1314 2075 ,luris
1330 2037 1415 2071 Nat.
1476 2082 1478 2084 v

218 2140 221 2143 .
279 2101 447 2144 principio.
472 2097 562 2129 Sect.
583 2107 614 2129 2.
636 2096 653 2139 §
670 2106 702 2138 9.
719 2095 812 2137 seqq.
837 2095 889 2127 Ex
913 2095 945 2127 H
960 2094 1015 2127 ob
1031 2094 1052 2126 b
1069 2104 1086 2127 c
1102 2095 1138 2127 si
1153 2104 1174 2127 ο
1190 2119 1201 2133 ,
1221 2096 1255 2127 in
1269 2094 1365 2127 Libro
1377 2093 1416 2126 de

284 2157 359 2189 Cive
388 2164 419 2187 c,
440 2163 471 2194 3.
502 2154 519 2196 §
546 2153 578 2184 8.
614 2152 638 2184 P
653 2162 673 2184 u
689 2151 736 2184 fe
751 2162 772 2183 n
787 2152 808 2184 d
824 2162 844 2184 0
860 2161 875 2183 r
889 2151 925 2184 fi
942 2162 961 2183 ιι
978 2161 1008 2183 m
1034 2149 1233 2193 excerpsisse
1267 2159 1414 2193 paragra-

283 2211 383 2254 phum
401 2233 411 2247 ‚
435 2217 529 2249 quam
546 2208 575 2238 in
602 2214 732 2240 textum
753 2208 946 2245 τοιιιὶἰιηιιε,
975 2206 1126 2248 opinatur
1151 2206 1266 2241 Otto
1289 2206 1326 2239 ad
1343 2207 1414 2241 h.1.

330 2262 673 2310 (2JPufend.1.
702 2264 723 2298 1.
752 2273 782 2297 c.
807 2273 835 2297 1.
864 2264 897 2298 6.
920 2263 937 2305 §
961 2273 991 2297 2.
