1519 2729
699 216 925 272 (64)

267 356 457 397 Attamen
484 354 583 397 licet
617 366 790 408 poenam
830 354 1008 396 sumendi
1026 353 1098 408 Jus
1137 365 1211 407 per
1247 354 1386 406 aequi-

270 436 392 466 tatem
421 426 568 475 lenire,
594 427 668 466 viri
691 425 802 466 boni·
820 426 893 472 fit,
921 423 1183 475 nihilominus
1211 435 1387 477 poenam

263 494 442 535 sumendi
468 493 637 535 faculta's
667 493 828 547 prorsus
857 494 984 535 libera
1012 505 1157 533 manet.

274 593 277 595 >
314 563 534 618 Postquam
575 564 986 619 igitur.Grotius
1028 563 1098 618 Jus
1127 562 1225 603 belli
1256 575 1386 616 expo·

257 620 408 684 suerat,
462 634 614 674 monita
657 633 850 686 quaedam
890 633 1009 674 tradit
1039 633 1149 673 circa
1177 644 1250 680 ea,
1282 643 1386 685 quae

253 701 391 743 stricto
444 701 540 756 Jure
596 700 929 755 belligerantibus
985 700 1111 741 licere
1170 700 1384 741 concesse-

254 783 314 813 rat
342 768 437 825 (ι).
467 789 514 804 -
541 769 700 811 Pudore
729 772 863 824 itaque
889 782 930 810 et
949 769 1107 824 Justitia
1129 770 1285 810 interna
1307 770 1383 810 hu-

250 840 316 895 jus
338 840 447 895 Juris
468 841 665 882 ambitum
693 839 819 895 longe
844 841 1118 895 angustiorem
1142 838 1226 880 esse
1253 840 1387 880 conti-

259 924 342 953 nuo
369 910 673 959 animadvertit,
705 923 746 952 et
775 909 896 950 verba
926 908 1106 951 Senec
1123 921 1183 950 ae
1209 905 1290 963 (2)
1320 908 1388 950 sua

250 982 332 1035 jam
350 980 473 1022 facit.
503 1001 549 1012 —
577 979 715 1034 Quam
744 990 910 1034 angusta
937 979 1171 1021 innocentia
1206 990 1296 1029 est,
1337 977 1389 1019 ad

254 1050 387 1104 legem
417 1051 571 1091 bonum
598 1049 718 1091 esse?
748 1065 792 1074 -
822 1047 989 1104 Quanto
1009 1048 1128 1089 latius
1149 1060 1260 1102 patet
1300 1048 1386 1089 offi-

251 1121 432 1168 ciorum,
461 1131 578 1173 quam
591 1118 697 1172 Juris
723 1118 892 1173 regula?
925 1117 1065 1173 Quam
1082 1119 1206 1160 multa
1221 1120 1350 1172 pietas
1368 1147 1382 1168 ,

254 1190 504 1238 humanitas,
549 1187 797 1237 liberalitas,
832 1187 980 1242 justitia
1000 1218 1013 1238 ,
1059 1188 1156 1230 fides
1186 1189 1384 1243 exigunt,

252 1271 355 1314 quae
396 1260 682 1300 omniaextra
715 1257 903 1311 publicas
929 1257 1089 1299 tabulas
1119 1258 1221 1299 sunt.
1263 1279 1309 1289 —
1338 1257 1383 1298 In

250 1341 303 1369 eo
342 1328 506 1382 quidem
548 1327 719 1367 maxime
757 1327 1220 1378 cernitur-differentia,
1267 1327 1383 1381 quod

253 1400 296 1439 in
315 1398 465 1453 justitia
492 1390 658 1451 proprie
684 1398 738 1439 fic
772 1395 880 1437 dicta
907 1409 953 1438 ea
983 1397 1242 1451 spectentur,
1275 1409 1379 1450 quae

247 1467 331 1522 jam
373 1466 534 1507 alterius
578 1466 665 1507 sunt
682 1497 695 1515 ‚
740 1479 923 1519 quaeque
967 1465 1030 1507 illi
1077 1466 1167 1507 sunt
1208 1467 1378 1518 permit-

252 1531 369 1578 tenda
396 1547 463 1576 aut
489 1535 691 1590 implenda
713 1533 824 1589 (3);
862 1535 1018 1590 Justitia
1046 1535 1177 1578 laxior
1206 1538 1246 1577 in
1279 1536 1341 1577 his
1362 1565 1375 1586 ‚

251 1619 355 1659 quae
391 1607 539 1659 cuique
583 1605 736 1645 homini
779 1618 847 1647 aut
888 1610 1024 1648 coetui
1065 1607 1230 1662 propria
1260 1606 1381 1655 sunt,

250 1674 519 1730 elai-giendis,
546 1675 783 1728 prudentem
811 1676 1150 1732 dispensationem
1181 1675 1379 1719 continet.

1279 1745 1382 1788 Ver-

298 1887 362 1933 (1)
389 1890 464 1924 Lib.
488 1890 550 1925 HI.-
579 1899 610 1924 c.
637 1898 692 1924 10.
720 1890 777 1932 qui
797 1891 889 1927 locus
918 1890 1076 1934 imprimis
1115 1897 1165 1923 est
1203 1890 1380 1923 conferen-

252 1944 338 1986 dus,
361 1953 397 1979 ut
427 1945 502 1979 inde
533 1955 668 1988 pateat,
694 1945 864 1989 quomodo
899 1947 1097 1980 cohaereant
1124 1946 1183 1992 Jus
1211 1945 1381 1989 proprium

253 2011 290 2034 et
318 2002 558 2044 improprium,
597 2012 631 2036 et
672 2012 768 2045 quam
810 2003 876 2035 vim
900 2003 931 2035 in
958 2002 992 2036 se
1027 2002 1169 2036 invicem
1204 2003 1379 2042 exserant,

249 2056 341 2098 quod
363 2057 448 2091 idem
479 2059 566 2092 valet
589 2058 632 2092 de
656 2058 892 2096 Dissertatioue
922 2059 961 2095 de
996 2058 1175 2103 Aequitase
1200 2065 1261 2094 etc.
1287 2056 1378 2102 supra

254 2111 390 2151 laudata.

298 2165 362 2211 (2)
386 2168 439 2200 De
462 2168 520 2202 Ira
543 2171 571 2205 1.
599 2180 652 2217 27.

297 2221 364 2268 (3)
384 2225 473 2259 Prol.
500 2234 550 2261 ιο.
