1519 2729
581 140 607 195 (
669 150 748 195 ¹79
805 94 837 194 )ι

151 287 206 328 ris
243 283 508 327 deductiones
544 277 912 324 emmerammus,
953 283 1054 327 quas
1079 271 1122 314 hi
1148 271 1284 327 philo-

152 355 271 410 sophi
294 354 418 397 secuti
446 352 561 400 sunt,
593 350 820 392 officiorum
845 343 1151 400 perfectorum,
1183 355 1285 398 quae

151 428 318 468 veniunt
344 425 508 466 nomine
536 420 842 475 obligationum
880 416 1053 458 maxime
1086 416 1285 457 rationem

153 495 406 538 habebimus
472 489 814 544 Imperfectorum
854 487 962 528 enim
1003 495 1124 527 notae
1163 483 1287 528 facile

151 565 298 608 exinde
326 565 556 619 sequuntur.

210 635 278 677 Ad
299 635 397 676 duas
416 634 525 674 enim
535 628 681 674 classes
708 626 926 670 commode
955 626 1096 669 referri
1120 627 1289 681 possunt

150 706 251 761 juris
287 702 511 746 deducendi
555 699 689 750 modi,
727 711 895 754 quarum
944 699 1060 752 prior
1101 699 1288 741 continet

153 787 295 816 eorum
340 772 605 821 sententiam,
651 772 722 825 qui
751 772 793 812 in
835 769 1088 828 obligatione
1118 767 1289 822 juridica

152 844 431 887 constituenda
470 840 718 896 respicerent
756 838 901 890 illum,
944 843 1015 895 qui
1055 842 1120 897 jus
1164 837 1288 880 habet

152 915 307 969 aliquid
344 913 539 967 petendi,
585 910 792 965 posterior
839 921 938 950 vero
979 921 1050 950 eos
1102 910 1291 951 continet

124 997 130 1003 ·'
153 984 425 1040 philosophos
442 1013 454 1032 ‚
494 983 565 1036 qui
591 992 684 1021 eum
706 979 827 1020 unice
859 978 1111 1020 attenderent
1146 992 1170 1019 a
1202 990 1289 1031 quo

154 1057 335 1110 petitur,
368 1054 484 1095 tertia
511 1049 707 1106 quaedam
736 1047 868 1090 clasfis
895 1047 991 1089 duas
1020 1047 1091 1089 has
1119 1047 1292 1103 conjun-

158 1138 254 1182 gere
284 1124 477 1168 studebat.

211 1195 406 1243 Ceter,um
420 1191 664 1234 monendum
681 1190 840 1232 videtur
855 1219 869 1239 ‚
901 1199 966 1230 me
989 1188 1031 1229 in
1058 1187 1170 1229 hisce
1189 1198 1289 1228 con-

155 1265 337 1308 ficiendis
351 1264 570 1319 praecipue
586 1262 701 1304 usum
714 1259 836 1303 fuisse
852 1271 978 1314 opera
998 1257 1139 1300 Weis
1139 1258 1176 1299 ii
1191 1253 1287 1312 (1).

689 1399 779 1455 SI.

399 1545 993 1589 Humi-Lamnas.

215 1682 580 1727 Hufelandus
610 1685 693 1726 hoc
724 1681 921 1724 summum
952 1667 1155 1722 Kantii
1198 1691 1288 1721 mo*

158 1753 323 1795 ralitatis
349 1757 593 1809 principium
619 1754 834 1807 probavit:
865 1781 895 1805 ‚‚
923 1750 1043 1793 deine
1058 1748 1288 1792 Maximen

157 1851 186 1876 ,‚
216 1821 376 1879 miissen
406 1821 453 1879 fi’
496 1822 731 1880 besblzaffien
761 1819 894 1878 [εγω
938 1818 1047 1876 dass
1068 1818 1126 1871 sie
1155 1820 1290 1874 allge-

158 1920 187 1946 „
217 1893 351 1936 meine
381 1892 552 1951 Gefi’tze
570 1892 674 1950 seyn
702 1893 907 1945 kz5nnen,
934 1890 1032 1932 oder
1061 1888 1162 1930 doch
1190 1883 1299 1943 dass

158 1991 187 2015 „
216 1962 271 2004 du
297 1964 443 2005 wollen
470 1963 654 2014 kunnu,
701 1959 809 2018 dass
815 1958 855 2014 f
837 1975 873 2002 e
913 1960 1166 2015 allgemeine
1208 1959 1288 2001 Ge-

158 2062 187 2086 „
208 2029 325 2088 fetze
351 2034 571 2076 wardenss’
631 2033 792 2077 Exinde
817 2033 882 2088 Jus
905 2030 1072 2073 deduxit
1112 2042 1162 2071 ex
1185 2038 1289 2084 per-

1124 2129 1154 2156 „
1185 2101 1284 2144 mis·

206 2177 269 2225 (1)
292 2180 480 2225 Grundwisfi
507 2183 558 2218 des
583 2182 697 2219 Rechts
710 2206 720 2225 ,
745 2181 888 2226 Tubing.
910 2190 1006 2226 1797.
