1519 2729
742 206 769 260 (
826 208 880 261 98
940 205 965 259 )

739 341 998 396 §Lxxnn

305 492 308 495 ·
361 481 537 524 Duobus
575 482 778 536 prioribus
803 481 1164 524 >clasfifi‘cationum
1204 477 1418 533 generibus

306 551 484 604 sepositis
525 563 565 592 et
607 552 795 606 rejectis,
842 542 939 592 sola³
969 562 1104 591 earum
1151 549 1264 590 tertia
1297 556 1420 599 restat

303 620 463 669 clasfis,
495 622 534 661 in
564 622 767 673 prioribus
797 621 914 675 hujus
927 618 1299 661 ‘commentationis
1330 616 1421 656 sec-

305 690 513 738 tionibus,
557 700 601 730 ut
643 702 683 730 et
725 691 764 730 in
799 688 1134 730 antecedentibus
1163 685 1420 741 paragraphis

302 759 382 813 jam
425 759 564 811 pasfim
603 755 758 799 laudata
787 759 828 799 et
858 760 1002 800 ceteris
1029 757 1151 811 longe
1182 755 1420 809 praepofita.

303 827 350 868 Id
376 829 520 868 merito
550 827 662 878 fieri,
693 841 756 868 me
782 824 972 883 judice,'³
993 839 1043 868 ex
1074 825 1332 880 sequentibus
1361 825 1420 864 vi-

303 896 396 937 dere
436 896 546 937 licet.
636 895 795 938 Etenim
835 900 874 939 in
929 899 1154 951 posteriore
1193 895 1420 950 plantarum

302 966 607 1008 clasfificionum
640 967 976 1013 ordineminimev
997 967 1172 1008 notanda
1201 965 1290 1007 sunt
1315 963 1420 1018 ejus-

304 1036 415 1076 modi
443 1035 508 1076 vel
534 1036 672 1076 fimilia
701 1038 795 1077 vitia
821 1051 861 1079 et
889 1038 1101 1086 defectus,
1133 1035 1280 1090 quibus
1308 1035 1420 1088 prio-

302 1118 365 1146 res
392 1105 572 1145 laborare
598 1105 784 1146 vidimus.
844 1099 973 1148 P'orro
1003 1120 1062 1162 ea·
1089 1106 1168 1147 sese
1211 1115 1420 1146 commen-

303 1174 370 1215 dat
394 1187 476 1214 non
506 1174 632 1215 solum
655 1188 795 1231 magna
826 1177 1100 1230 simplicitate,
1143 1175 1227 1216 veri
1257 1172 1417 1229 figillo,

302 1257 440 1286 verum
467 1246 584 1285 etiam
610 1245 728 1285 bonis
758 1245 976 1300 solidisque
989 1235 1285 1295 fundamentis,
1314 1254 1418 1296 quae

303 1315 374 1368 ipfi
407 1314 494 1355 sunt
523 1315 615 1356 bafi.
672 1316 760 1370 Jam
788 1324 952 1370 qnoque
972 1315 1055 1369 ipsa
1079 1313 1330 1368 experientia
1359 1323 1418 1353 ta-

301 1385 352 1426 lis
382 1384 695 1427 clasfificationis
724 1388 896 1441 pretium
922 1392 967 1426 ‘et
996 1385 1147 1425 merita'
1174 1383 1416 1436 comproba-

298 1457 362 1497 -vit
390 1466 431 1496 et
459 1455 724 1496 confirmavit.
785 1456 953 1497 Plurimi
979 1466 1110 1495 autem
1140 1453 1327 1494 Botanici
1356 1464 1417 1492 re-

303 1527 505 1567 centiores
540 1536 580 1565 et
620 1526 835 1566 etiamnum
875 1526 1075 1580 vigentes·
1097 1523 1263 1563 eandem
1297 1520 1417 1576 plane

302 1608 484 1637 normam
522 1595 696 1649 amplexi
734 1596 821 1637 sunt
861 1607 902 1635 et
950 1595 1076 1634 secuti
1114 1592 1284 1633 maxima
1323 1604 1415 1632 cum

300 1664 418 1705 laude
445 1676 484 1705 et
525 1667 683 1719 optimo
723 1679 814 1706 cum
855 1665 1064 1712 successim
1108 1661 1219 1715 quod
1258 1671 1416 1715 postre—

302 1748 438 1784 mum,
469 1737 507 1775 in
538 1748 719 1790 magnam
749 1736 867 1775 etiam
907 1735 1024 1788 hujus
1065 1732 1414 1774 clasfificationum

299 1807 457 1862 generis
477 1801 892 1853 commendationem,
935 1804 1151 1857 praecipue
1190 1815 1239 1843 ex
1266 1814 1317 1842 eo
1343 1813 1414 1856 pa·

299 1888 386 1924 tet,
430 1875 561 1929 quod,
606 1875 784 1915 adhititfi·
811 1875 947 1916 eadem
975 1873 1117 1927 agendi
1156 1873 1338 1919 ratione,
1383 1871 1412 1911 ii

300 1947 518 1997 Botanici,
560 1947 630 2000 qui
665 1945 889 1988 conditoris
929 1945 1110 1999 vestigiis
1158 1941 1409 1989 institerunt,

1369 2022 1412 2051 1n

299 2143 323 2161 ,‚
344 2117 396 2152 che
423 2126 456 2153 et
486 2119 528 2152 les
560 2120 718 2163 prinsipes
757 2115 789 2149 d'
805 2117 835 2150 A
850 2115 870 2149 d
885 2127 901 2149 a
915 2125 934 2148 n
949 2117 995 2150 so
1010 2124 1030 2147 n
1061 2124 1116 2147 ont
1148 2110 1240 2153 servi
1265 2112 1303 2145 de
1338 2109 1412 2153 base

299 2199 323 2218 „
344 2186 412 2209 aux
452 2183 600 2208 travaux
629 2176 666 2207 tle
708 2175 734 2208 B
746 2184 765 2206 u
783 2183 795 2206 t
812 2182 856 2206 tn
874 2184 891 2208 e
908 2183 924 2207 r
938 2198 949 2216 ,
994 2173 1069 2207 dont
1084 2169 1141 2214 sbn
1173 2170 1295 2215 disciffle
1323 2169 1356 2204 R
1372 2178 1410 2203 u-

296 2254 323 2277 „
346 2231 415 2264 lin
429 2239 450 2273 g
475 2241 498 2265 a
516 2232 625 2275 puhlie
651 2231 681 2266 le
706 2229 857 2274 refluae-⁸*
