1519 2729
624 172 854 232 (13)

170 314 386 370 placid08‚
430 313 569 363 leneS,
626 315 773 364 mites,
812 312 1049 361 modestos,
1093 315 1308 367 perpaucis

175 409 420 440 contentos:
451 397 521 450 qui
538 426 551 446 ,
583 398 766 450 quamvis
793 396 906 437 suum
935 396 1107 449 suaeque
1132 395 1309 436 familiae

175 481 299 522 decus
327 481 495 520 omnino
523 479 716 520 sustinere
752 479 908 529 velint,
941 491 1023 519 non
1051 478 1222 532 superbe
1252 490 1310 518 ta-

178 575 270 604 men
300 562 442 618 finguli
481 562 530 603 de
558 561 682 602 semet
710 563 782 616 ipfi
816 562 1029 617 judicant,
1070 573 1147 602 nec
1185 561 1310 602 invidi

176 645 266 687 sunt
294 644 464 686 aliorum
495 645 820 695 obtrectatores,
865 657 941 686 nec
972 645 1206 698 importune
1250 644 1312 683 in·

175 728 392 782 terpellant
421 727 634 781 loquentes
651 758 665 778 ‚
696 741 772 769 nec
797 729 868 782 qui
898 727 1016 768 aliter
1043 726 1212 767 sentiant
1240 731 1309 767 aut‘

177 824 389 866 perperam
418 822 536 865 agere
562 810 798 861 videantur,
844 809 1026 852 censoria
1058 822 1131 851 eos
1166 809 1312 850 severi·

178 905 259 936 tate
295 894 551 946 corripiunt;
597 893 664 934 sed
704 894 845 947 pacis,
905 893 1180 942 concordiae,
1226 905 1314 932 mu-

178 987 349 1030 tuaeque
388 974 698 1016 benevolentiae
737 975 954 1016 admodum
998 975 1158 1017 studiofi
1195 974 1315 1025 sunt,

177 1060 221 1100 in
250 1071 330 1109 eo,
370 1058 485 1113 quod
511 1069 621 1099 recte
664 1057 818 1100 factum
856 1059 995 1099 vident
1038 1058 1314 1111 audiuntque,

178 1140 378 1182 laudando
418 1140 599 1194 profusi,
647 1142 688 1181 in
719 1141 917 1194 obsequio
947 1140 1036 1181 aliis
1078 1140 1315 1181 exhibendo

178 1223 360 1278 prolixi,
391 1225 433 1264 in
461 1213 633 1265 colenda
659 1223 900 1264 liberalitate
928 1223 1030 1278 largi
1059 1237 1106 1264 ac
1122 1223 1315 1278 prodigi,

178 1307 221 1347 in
258 1306 342 1360 ipsa
381 1318 480 1346 vero
516 1307 801 1347 conviviorum
843 1305 1044 1346 hilaritate
1081 1318 1161 1346 tam
1190 1306 1315 1347 sedati

178 1388 334 1443 fibique
378 1385 434 1429 ita
476 1399 771 1442 temperante8‚
810 1399 856 1429 ut
879 1388 1126 1445 neither-ior
1148 1389 1317 1443 quidem

178 1472 262 1513 vini
304 1470 427 1520 usus,
471 1471 497 1511 fi
541 1471 649 1512 forte
677 1465 919 1526 contingat,
955 1483 1028 1512 eos
1065 1472 1195 1526 justae
1228 1473 1317 1513 cui-

173 1531 271 1595 uam
317 1553 618 1608 reprehensioni
662 1542 801 1595 reddat
865 1554 1110 1610 obnoxios„
1173 1554 1318 1609 Quid?

180 1635 295 1690 quod
329 1635 422 1677 lites
458 1637 499 1676 in
537 1636 697 1691 judicio
732 1647 845 1677 actae
882 1648 954 1677 eos
978 1638 1144 1677 minime
1169 1637 1220 1677 de
1252 1637 1318 1678 sua

181 1719 470 1773 tranquillitate
494 1719 723 1761 deturbant.
785 1718 907 1759 Viros
930 1720 1119 1759 nimirum
1142 1719 1223 1760 hoc
1246 1719 1317 1760 dc-

183 1814 276 1850 cere
297 1813 440 1855 putant
457 1832 471 1851 ‚
501 1813 546 1842 ut
576 1801 732 1855 semper
758 1814 899 1856 graves
929 1802 1003 1843 fint
1026 1801 1164 1855 suique
1200 1815 1318 1843 com·

182 1895 316 1937 potes·
375 1882 624 1925 Mulieribus
652 1895 786 1925 autem
814 1883 936 1924 facile
962 1895 1004 1924 et
1040 1883 1328 1938 garrulitatem,

182 1968 451 2020 permittunt,
483 1977 523 2006 et
549 1966 711 2019 plenam
740 1967 863 2006 animi
888 1967 929 2005 in
952 1966 1125 2020 gaudiO,
1156 1969 1198 2007 in
1227 1969 1317 2008 tris-

184 2051 238 2093 tia
254 2079 267 2098 ,
298 2050 339 2090 in
366 2060 629 2102 quocumque
650 2048 810 2089 tandem
838 2046 986 2088 affectu
1010 2048 1259 2091 effufionem.
1281 2075 1319 2086 -

185 2130 262 2173 Est
301 2143 399 2172 vero
439 2132 480 2171 in
522 2143 665 2186 magna
706 2129 775 2171 illa
810 2132 1214 2187 virorumgravitate
1243 2133 1316 2174 ali-

184 2214 282 2271 quid
298 2244 311 2264 ,
343 2214 456 2270 quod
477 2214 597 2256 nobis
619 2212 847 2270 Europaeis
867 2212 1004 2256 *risum
1041 2214 1203 2260 forsitan
1227 2230 1319 2260 mo-

1248 2311 1317 2341 νθ·
