1519 2729
550 160 690 236 (83
749 177 777 234 )

99 298 275 357 imperio
327 304 546 363 injunctam
584 315 670 356 esse
709 316 864 361 indicio
903 332 991 370 est,
1034 322 1147 376 quod
1189 326 1235 375 in

95 372 212 415 nullo
239 387 442 428 praeterea
468 383 667 426 animante
711 386 843 431 sensus
882 390 1116 447 religionis,
1161 407 1231 437 aut

95 451 226 484 metus
266 444 457 491 Numinis
484 452 832 509 deprehendatur,
876 462 946 514 qui
985 463 1027 503 in
1068 465 1231 507 animali

87 511 236 569 exlege
287 518 462 575 intelligi
517 535 600 564 non
648 515 766 578 posse
810 529 980 573 videtur.
1049 532 1117 574 Ab
1144 533 1227 576 hoc

90 591 202 623 metu
229 595 340 627 tener
366 589 583 634 admodum
613 593 745 639 sensus
775 610 989 654 generatur
1019 603 1060 643 in
1083 605 1226 645 animis

89 649 302 696 hominum
328 669 410 699 non
445 661 565 714 plane
597 677 910 720 corruptorum,
941 685 1024 725 quo
1056 674 1228 716 convin-

79 726 256 775 cuntur,
287 727 327 766 in
360 728 492 784 legem
520 734 739 776 naturalem
768 741 982 790 peccando
1001 742 1151 785 offendi
1169 743 1225 785 11-

82 786 196 842 1um,
241 796 306 834 cui
348 797 389 836 in
431 801 588 843 animos
632 804 843 850 hominum
873 811 1090 865 imperium
1133 826 1222 863 est,

79 860 233 913 quique
275 868 513 911 metuendus
558 884 620 913 est
662 877 782 918 etiam
816 869 897 920 subi
949 883 998 923 ab
1043 883 1221 926 homini-

79 919 154 968 bus
205 942 335 973 metus
375 948 457 978 non
506 940 713 994 impendet
757 944 853 999 (1).
884 950 1056 992 —Inde
1099 955 1225 1008 igitur

76 996 263 1041 ultimum
296 1002 587 1067 firmamentum
615 1013 762 1054 officiis
792 1029 887 1071 erga
916 1019 1018 1061 alios
1034 1019 1221 1064 homine's

77 1069 237 1110 accedit
265 1070 359 1125 (2).
395 1097 440 1107 —
470 1078 538 1121 Sic
570 1081 782 1126 sociabilis
813 1098 895 1128 non
934 1090 1037 1130 esset
1067 1091 1221 1144 homo,

71 1138 144 1178 nifi
191 1139 391 1196 religione
430 1147 539 1192 foret
576 1153 756 1195 imbutus
799 1155 894 1211 (3).
969 1157 1217 1216 'Secundum

68 1207 263 1264 objecta,
292 1213 436 1258 divifio
467 1220 693 1269 officiorum
720 1225 821 1268 haec
854 1238 943 1269 est:
976 1231 1090 1285 quod
1114 1232 1191 1275 fint

135 1280 201 1319 10.
235 1279 347 1336 Erga
377 1283 517 1327 Deum
548 1293 680 1335 officia
710 1292 806 1350 (4).

131 1347 200 1390 20.
233 1349 344 1405 Erga
372 1353 411 1394 se
437 1358 568 1411 ipsum
600 1360 694 1416 (5).

130 1415 199 1472 3⁰.
231 1418 342 1475 Erga
369 1424 475 1467 alios
507 1430 692 1473 homines
721 1431 817 1488 (6).

64 1514 67 1517 .
130 1485 204 1528 De
232 1489 385 1533 duabus
409 1499 617 1548 prioribus
643 1503 855 1557 speciebus
869 1519 951 1549 non
981 1521 1070 1562 est,
1101 1514 1215 1568 quod

77 1568 154 1609 pro
186 1558 365 1604 instituto
399 1577 572 1622 nostro,
631 1574 805 1628 amplius
845 1590 1112 1636 moneamus;
1155 1598 1214 1626 at-

1122 1666 1210 1696 ten·

117 1751 180 1798 (1)
205 1756 280 1791 Lib.
304 1749 330 1793 1⁴.
354 1752 442 1806 c.'3.
465 1767 491 1811 §-
511 1777 563 1804 11.

118 1808 182 1854 (2)
207 1813 333 1861 lbid.,§
362 1828 418 1861 13.

114 1866 177 1912 (3)
203 1871 301 1905 Conf.
341 1874 415 1911 Lib.
460 1879 486 1914 1.
530 1891 561 1916 c.
598 1891 631 1924 4.
663 1884 680 1926 §
715 1894 750 1927 9.
773 1887 932 1922 conferri
957 1891 1052 1924 etiam
1078 1895 1211 1930 omnino

69 1932 220 1957 meretur
258 1927 284 1960 B
300 1937 317 1960 a
332 1939 348 1961 r
362 1930 382 1962 b
400 1941 417 1964 e
434 1943 456 1976 y
472 1944 487 1967 r
501 1946 517 1968 a
533 1947 551 1971 c
590 1940 620 1970 in
660 1942 746 1975 notis
770 1944 933 1979 Francicis
961 1947 1001 1980 ad
1036 1958 1119 1990 opus
1143 1962 1210 1985 rna·

69 1982 124 2021 jus
142 2004 152 2019 ,
178 1980 252 2016 Lib.
280 1983 323 2017 ΙΙ.
354 1995 384 2021 c.
409 1999 440 2031 3.
461 1993 479 2034 §
506 2001 557 2035 ¹5·
580 1996 630 2029 N.
656 2007 699 2041 5,
725 2007 760 2033 et
775 2010 853 2044 quas
874 2003 954 2038 citat
980 2014 1073 2041 notas
1097 2008 1128 2041 in
1146 2010 1209 2044 Ca-

64 2044 125 2078 put
154 2046 173 2078 5
196 2046 230 2070 et
247 2039 280 2072 6.
306 2041 454 2082 ejusdem
485 2052 606 2093 operis.

110 2091 175 2136 (4)
200 2094 283 2136 Cap·
307 2107 340 2140 4-

111 2145 175 2191 (5)
199 2151 282 2193 Cap·
306 2163 340 2196 s·

109 2203 174 2250 (6)
199 2208 280 2251 Cap.
305 2210 337 2245 6,
