1519 2729
566 140 785 194 (77)

126 298 344 342 carnesque
376 284 488 325 fumo
529 277 728 325 servatae,
770 273 903 315 dulcia
930 271 1099 324 plurima
1127 267 1150 322 ζ
1159 266 1234 321 1),

127 363 282 404 fructus
325 350 521 402 immaturi
566 348 732 397 boi-aei,
787 344 986 398 legumina
1041 339 1237 386 farinosa‚

128 432 260 485 pultes
285 422 510 469 fumosae,
548 416 727 457 solanum
751 411 1005 460 tuberosum,
1049 410 1240 463 pinguia,

130 502 285 545 lactea,
316 493 478 540 caseus,
509 487 678 539 aliaque.
1150 524 1152 526 -

187 583 221 609 c.
254 565 391 606 Potus.
451 559 516 600 Ad
554 553 791 610 potulenta‚
835 563 989 591 vermes
1017 548 1243 602 producen-

135 641 209 688 tia,
240 636 441 689 pertinent
468 628 600 669 onmia
627 622 805 671 viseida,
847 619 1008 672 tepida,
1051 620 1154 658 vires
1185 616 1243 655 di-

134 697 631 764 gestflceswdebilitantia.,
675 691 870 744 imprimis
906 689 972 729 hic
1008 685 1248 727 nominanda

136 780 222 820 sunt
251 770 526 829 polytropha,
567 763 723 819 juscula
749 774 889 802 carnea
927 758 1106 813 (coulis,
1143 756 1246 809 jus,

135 840 429 901 consbmmds)‚
461 840 500 878 in
527 835 672 888 quibus
702 832 863 872 materia
899 827 1022 868 multa
1062 826 1252 866 nutritiva

137 928 262 972 parvo
296 911 499 953 volumine
523 905 765 946 continetur.
835 898 928 939 Huc
958 898 1077 937 etiam
1106 893 1250 935 retule-

138 998 230 1029 runt
264 994 406 1036 aquam
448 977 661 1031 frigidam,
701 969 978 1018 fluviatilem,
1022 964 1254 1019 putealem,

141 1070 181 1099 et
210 1057 237 1097 s.
269 1068 340 1108 p.‚
384 1062 424 1092 et
467 1046 622 1090 causam
660 1042 776 1096 hujus
818 1041 875 1079 rei
911 1038 1183 1090 quaesiverunt
1211 1035 1253 1073 in

142 1127 329 1172 insectis,
385 1120 494 1161 illam
548 1111 848 1158 habitantibus,
906 1120 1042 1148 verum
1091 1105 1258 1146 omnino

146 1195 368 1253 quaerenda
390 1191 546 1232 videtur
577 1187 618 1226 in
659 1185 697 1224 vi
739 1181 884 1221 nociva
923 1188 1047 1230 aquae
1091 1173 1260 1229 frigidae

1189 1243 1263 1283 ho·
1312 1264 1314 1267 v

195 1436 257 1484 (1)
281 1437 355 1470 Huc
376 1434 472 1467 etiam
500 1427 683 1463 saccharum
713 1423 858 1456 retulere
887 1427 1031 1462 purum,
1068 1414 1269 1448 observatio-

151 1507 192 1530 ne
216 1505 300 1528 vero
328 1491 468 1529 constat,
492 1485 700 1519 saccharum,
737 1478 759 1512 fi
793 1486 893 1509 muco
932 1473 1107 1516 vegetabili
1133 1472 1268 1512 aliisque

153 1552 305 1588 fimilibus
333 1546 498 1591 principiis
523 1543 645 1579 scatet,
681 1534 842 1568 vermium
883 1531 999 1573 origini
1021 1529 1152 1562 omuino
1178 1528 1269 1560 fave-

156 1620 214 1648 re,
249 1617 314 1640 non
336 1612 444 1638 autem
472 1601 494 1634 si
526 1599 563 1632 sit
587 1592 813 1639 purissimum,
850 1596 926 1620 tunc
947 1587 1032 1619 enim
1059 1584 1184 1617 idoneis
1211 1581 1267 1614 ad-

155 1668 292 1699 mixtum
327 1661 429 1699 cibis,
467 1658 553 1690 vires
587 1649 779 1694 digestrices
818 1644 987 1682 instaurat,
1025 1650 1060 1675 et
1095 1641 1269 1673 vahtliores

157 1719 265 1754 reddit
280 1743 290 1758 ,
313 1716 459 1759 pituitam
489 1718 637 1745 tenacem
653 1733 663 1748 ‚
687 1703 827 1739 fiad-est
844 1727 852 1741 ‚
876 1700 1030 1738 resolvit,
1066 1698 1132 1730 vias
1155 1697 1270 1739 primas

157 1778 319 1819 deputat,
356 1781 453 1814 atque
483 1770 628 1802 -foecum
670 1759 905 1803 depolitionem
936 1764 1054 1798 auget,
1091 1764 1155 1787 non
1191 1762 1273 1785 vero

158 1832 285 1872 nutrit,
322 1836 419 1871 prout
446 1835 488 1859 ex
519 1818 752 1864 experimentis
775 1814 895 1849 Celei).
925 1809 1161 1854 Magendie
1199 1819 1275 1841 cum

160 1890 291 1925 canibus
319 1884 466 1918 institutis
484 1878 584 1925 patet.
645 1875 736 1910 Idem
754 1873 805 1906 .de
842 1869 940 1903 melle
976 1868 1088 1906 valet,
1125 1864 1214 1908 quod
1252 1864 1275 1899 fi

159 1945 359 1992 purissimum
401 1940 437 1974 fit
473 1946 507 1971 ct
544 1937 729 1977 ingeratur,
766 1926 932 1961 vermibus
966 1931 1091 1962 nocet,
1128 1921 1275 1964 pituitam

162 2003 247 2036 enim
284 2006 433 2032 tenacem
470 1992 606 2026 destruit
645 1997 679 2022 et
717 1985 875 2028 expellit,
911 1989 1050 2023 quacum
1084 1976 1175 2009 haud
1204 1986 1278 2010 raro

161 2066 315 2096 vermez,
338 2054 358 2087 fi
381 2061 463 2085 vcro
483 2045 713 2081 melsscrudum
733 2043 916 2084 ingeratur,
941 2038 982 2070 ob
998 2035 1132 2068 multum
1148 2058 1158 2073 ‚
1187 2033 1276 2074 quod

162 2114 311 2148 contiiiet
337 2109 446 2147 muci,
469 2106 609 2146 aliasque
648 2099 850 2138 substantias,
887 2086 962 2128 huic
992 2091 1125 2135 pituitae
1164 2090 1277 2130 favet,

164 2171 300 2214 ejusque
323 2165 479 2207 originem
499 2166 684 2205 promovet.
