1519 2729
678 176 815 249 (92
877 193 903 247 >

394 367 1216 429 SECTIOss-QUARTA.

310 571 412 599 CHR.
444 569 722 599 THOMASIUS.
753 568 849 597 Nlc.
879 568 1008 596 HIER·
1041 565 1297 595 GUNDLING.
1358 546 1361 549 ἱ

502 729 1100 760 ψ

237 847 482 936 Crescens
521 887 683 930 humani
722 887 906 941 genem,
947 888 989 927 in
1029 885 1197 940 Europa
1249 899 1367 940 prae-

231 961 398 1010 sertim,
438 959 571 1001 cultus
602 969 642 998 et
666 956 808 997 multa
834 956 910 996 alia
958 956 1056 998 tulit'
1088 959 1249 1012 egregia
1268 987 1281 1006 ‚
1325 956 1368 995 et‘

235 1043 333 1072 vero
374 1032 495 1070 etiam
533 1029 640 1082 Juris
680 1024 870 1067 naturalis
909 1025 1092 1066 studium.
1154 1025 1365 1081 Quicquid

234 1101 404 1141 sentiant
431 1098 527 1147 alii,
565 1097 809 1138 Grotius
840 1095 1059 1152 inauditum
1089 1095 1188 1149 quid
1218 1095 1366 1136 consti-

235 1182 347 1211 tuere
371 1167 579 1223 aggressus
607 1177 692 1206 est:
736 1166 890 1218 primus
921 1164 989 1204 ille
1016 1165 1275 1206 fundamenta
1305 1165 1366 1218 je-

234 1241 319 1289 cit,
378 1238 526 1291 quibus
564 1234 769 1288 praeclara
813 1247 997 1287 quaeque
1052 1235 1365 1287 superstrueren-

234 1322 299 1350 tur
329 1306 423 1362 (1).
483 1305 655 1347 Invaluit
679 1317 778 1344 vero
806 1314 967 1343 nostrae
1011 1303 1249 1357 disciplinae
1286 1303 1368 1343 stu-

233 1380 374 1428 dium,
419 1377 598 1426 scholis,
642 1374 811 1429 publica
854 1373 1122 1421 auctoritate,
1168 1374 1254 1427 eJ'us
1294 1372 1367 1413 do-

234 1448 385 1490 cendae
437 1446 553 1488 causa
606 1444 808 1485 institutis.
894 1440 1117 1483 Samuel
1161 1443 1301 1483 Pufe
1318 1455 1367 1482 n-

234 1517 370 1558 dorf
380 1518 462 1558 ius
503 1517 655 1569 primus
692 1514 771 1554 fuit
824 1510 931 1564 Juris
971 1511 1160 1552 naturalis
1203 1512 1368 1552 Profes-

235 1587 300 1627 sor
329 1585 437 1640 (2),
482 1587 552 1639 qui
578 1585 628 1625 ab
653 1583 859 1625 acerrimis
894 1580 1270 1633 reprehensionibus
1299 1581 1368 1622 ad-

232 1656 497 1698 versariorum
553 1655 678 1696 multa
719 1653 813 1694 tulit
854 1651 1022 1704 ingratzu¹
1121 1650 1364 1692 Excitarunt

234 1728 334 1767 hacc
379 1738 510 1766 tamen
554 1726 714 1779 ingenia
755 1720 923 1763 mirifice
958 1721 1007 1763 ad
1048 1733 1154 1761 nova
1182 1732 1365 1774 quaeque

234 1795 471 1850 disputanda
496 1793 591 1849 (3).
652 1787 791 1835 Plures
815 1790 1053 1845 philosophi
1091 1803 1183 1832 cum
1227 1791 1367 1843 seque-

1084 1884 1086 1886 ·
1269 1860 1367 1901 ban-

279 1976 421 2021 (13C1.
451 1978 679 2010 Gramata
696 2001 706 2015 ‚
730 1974 886 2017 Re’gtsgel.
914 1973 1008 2016 Mag.
1039 1972 1066 2006 Ι.
1090 1982 1124 2013 p.
1155 1981 1185 2005 1.

281 2033 343 2078 (ε)
366 2033 441 2067 Vid.
459 2033 529 2076 ejus
550 2034 617 2066 vita
635 2042 652 2064 a
677 2033 703 2065 B
718 2042 735 2064 a
750 2042 765 2064 r
780 2032 801 2064 b
818 2041 836 2065 e
852 2041 874 2074 y
890 2039 905 2062 r
919 2040 936 2062 a
950 2029 1030 2063 cio
1067 2027 1228 2070 descripta
1242 2051 1253 2068 ,
1290 2037 1367 2062 vcr-

238 2091 317 2125 fioni
337 2090 465 2131 majoris
495 2091 519 2123 P
533 2100 554 2123 u
571 2090 589 2122 f
602 2100 618 2122 c
635 2100 654 2122 n
671 2089 705 2122 d.
734 2090 863 2132 Operis,
887 2084 1070 2130 praemissa.

282 2144 344 2188 (3)
368 2146 457 2178 Nota
491 2146 561 2178 sunt
593 2146 674 2178 haec
714 2145 844 2178 nomine
883 2143 957 2177 Eris·
979 2141 1170 2179 Seleuciam,
1217 2137 1259 2171 de
1303 2148 1367 2181 qua

234 2202 303 2238 vid.
329 2202 408 2234 Bar
424 2201 586 2242 bcyrac
610 2205 643 2234 [η
672 2202 759 2235 Ιῆἰα,
811 2197 1085 2233 Meistcrius
1102 2220 1112 2234 ‚
1140 2206 1210 2228 cum
1241 2196 1274 2227 in
1306 2195 1365 2228 Bi-

236 2258 347 2296 biseth.
383 2256 417 2294 J.
444 2256 491 2290 N.
527 2265 559 2290 et
600 2260 639 2291 (J.
667 2258 743 2292 Vol.
771 2257 832 2292 111.
861 2255 948 2288 idem
982 2264 999 2286 a
1022 2263 1056 2297 p.
1088 2262 1160 2287 121.
1195 2252 1225 2284 iu
1252 2260 1364 2283 voce:

1006 2307 1016 2321 '
1261 2308 1286 2341 Ρ
1302 2317 1319 2340 ιι
1337 2308 1363 2340 s-
