1519 2729
101 357 234 388 vatum
268 346 469 397 oraculis,
510 349 667 389 veniam
706 348 968 401 impetrarunt
1009 342 1136 393 libere
1169 352 1212 394 in

102 417 269 468 patriam
313 417 516 458 redeundi.
583 416 668 473 Qui
699 418 859 472 quidem
880 419 1031 461 reditus
1061 422 1101 462 in
1128 419 1213 463 He·

48 500 51 501 ⁷
103 485 315 526 braeorum
343 487 497 528 animos
531 487 635 528 hanc
660 500 824 541 quoque
845 489 927 529 vim
969 489 1136 542 habuit,
1166 501 1213 534 ut

101 567 205 608 quos
234 554 420 597 meliores
456 556 586 598 sensus
627 569 927 610 conceperant,
969 571 1041 602 eos
1085 562 1213 604 nutri»

102 627 235 675 verit,
266 627 449 678 acuerit,
481 628 718 682 auxeritque
748 639 1008 683 magnopere.

581 767 607 822 §
637 766 750 810 vm.

101 889 283 933 Reditus
326 890 621 937 Hebraeorum
662 895 707 937 in
735 897 935 950 patriam
976 907 1017 940 et
1042 897 1216 952 reliqua

153 961 294 1016 gentis
313 960 449 1015 fata,
492 963 697 1006 Antiochi
737 965 981 1020 Epiphanis
1015 968 1157 1009 maxi·

218 1042 282 1071 me
309 1033 578 1083 vexationes,
617 1024 759 1074 eoruhz
795 1047 902 1090 erga
928 1036 1100 1078 idolola-

323 1100 459 1142 triam
490 1102 627 1144 oa'ium
657 1100 973 1158 consummavit.

154 1224 254 1268 Non
283 1239 451 1279 omnes,
483 1231 552 1284 qni
577 1229 641 1271 vel
671 1231 720 1272 ab
747 1231 921 1285 Assyriis
949 1231 1013 1274 vel
1036 1245 1058 1274 a
1085 1232 1211 1275 Chal-

97 1293 204 1336 daeis
234 1298 275 1337 in
302 1297 482 1339 exsilium
512 1299 674 1342 deducti
700 1301 863 1343 fuerunt
876 1301 1079 1354 Hebraei,
1107 1303 1213 1345 redi-

97 1375 181 1406 tum
213 1366 432 1420 suscepisse
473 1370 659 1411 censendi
702 1370 803 1413 sunt.
891 1373 1020 1415 Multi
1045 1374 1212 1429 quidem

68 1435 299 1488 'redierunt
341 1449 392 1478 ex
417 1437 605 1492 Judaeis,
650 1442 719 1493 qui
761 1441 810 1482 ad
849 1454 1017 1497 regnum
1046 1443 1215 1485 duarum

96 1505 302 1556 tribuum,
348 1518 402 1561 52
441 1508 590 1550 abhinc
645 1512 757 1551 annis
798 1514 959 1564 penitus
1001 1513 1213 1564 eversum,

95 1577 377 1627 pertinebant,
423 1579 621 1632 imprimis
660 1580 898 1623 Sacerdotes
932 1581 1213 1637 Levitaeque‚

95 1645 243 1698 quibus
273 1650 490 1702 praecipua
522 1662 615 1690 cura
644 1662 756 1702 erat,
801 1663 845 1693 ut
885 1653 1023 1694 aedem
1061 1653 1213 1695 sacram

94 1715 348 1759 exstruerent.
437 1718 561 1761 Pauci
605 1732 704 1761 vero
745 1721 907 1775 rediisse
950 1723 1136 1764 videntur
1162 1735 1214 1765 ex

96 1784 236 1827 decem
274 1788 449 1829 tribuum
489 1802 616 1845 regno
645 1791 722 1831 five
755 1790 976 1842 Israelitis,
1019 1794 1088 1846 qui
1125 1793 1211 1847 jam

93 1857 207 1895 annis
235 1857 381 1898 abhinc
419 1860 494 1913 185
524 1861 574 1901 ab
605 1861 780 1912 Assyriis
809 1863 850 1902 in
887 1863 999 1903 suuni
1039 1874 1208 1917 regnum

95 1924 249 1966 fuerant
294 1928 463 1969 traducti
491 1927 587 1984 (a).
647 1930 777 1985 Cujus
818 1933 877 1972 rei
919 1933 1033 1974 causa
1061 1945 1143 1986 non
1169 1933 1213 1973 in

1158 2014 1212 2042 eo

93 2073 194 2116 pense
231 2075 386 2115 faveret,
424 2075 590 2117 ingeniose
634 2076 780 2120 conJ'ecit
814 2078 1010 2122 Royaards,
1046 2081 1115 2116 1.l.
1138 2089 1213 2124 pag.

100 2133 312 2232 “gusgia
343 2189 386 2223 II.
410 2190 499 2224 Neh.
521 2191 596 2224 VII:
629 2192 650 2226 6
671 2192 742 2233 sqq.
767 2193 864 2228 Conf.
896 2194 1005 2237 Hess,
1036 2193 1216 2238 Gescbiclae

91 2242 148 2278 der
173 2243 333 2287 Regenten
360 2256 419 2279 von
444 2246 534 2284 Jua'a
548 2271 559 2288 ‚
587 2248 627 2282 T.
647 2250 706 2284 XI.
725 2259 759 2293 p.
780 2260 845 2293 250
867 2250 937 2293 sqq.
