1519 2729
754 209 976 265 (66)

327 350 422 393 'Ne
462 361 561 392 vero
602 351 642 389 in
685 347 767 390 hoc
806 356 1045 403 argumento
1085 342 1265 398 diutim,
1305 353 1425 402 quam

293 434 366 476 par
407 432 496 471 est,
540 419 800 470 haereamus,
846 419 1056 460 annotasse
1102 418 1294 469 sufficiat,
1341 417 1426 459 He-

293 492 464 540 braeos,
507 500 547 530 et
586 488 756 530 musicae
792 489 1048 544 poeseosque
1077 491 1116 530 vi
1144 489 1355 539 eruditOS‚
1385 499 1427 529 et

292 560 534 604 sublimibus
563 559 612 600 de
641 557 839 614 religione
866 559 1029 613 placitis
1052 558 1262 611 imbutos,
1295 571 1335 601 et
1365 572 1426 600 ar-

293 632 402 672 tibus
427 629 743 686 elegantioribus
772 630 985 672 instructos
1002 662 1014 680 ‚
1061 642 1101 672 et
1130 630 1299 672 aliarum
1326 626 1424 685 genss

291 701 391 742 tium
434 700 687 742 commercio
727 700 942 750 excultos,
984 701 1035 741 ad
1064 702 1260 742 summum
1289 700 1425 742 cultus

288 770 495 825 fastigium
534 771 704 823 propius
743 766 825 825 jam
860 770 1078 811 accessisse
1121 769 1219 823 (a).
1309 770 1426 826 Quae

288 841 426 882 omnia
455 841 554 882 mihi
583 839 763 881 effecisse
786 840 1005 890 videntur,
1038 852 1081 881 ut
1097 839 1301 890 Hebraei,
1335 841 1425 893 qui·

288 909 365 951 bus
390 922 506 965 reges
530 908 759 963 praeessent
785 911 825 950 in
855 923 1003 965 genere
1046 911 1118 951 suo
1143 909 1424 964 praestantissi-

288 982 373 1032 mi,
416 982 486 1036 qui
516 979 780 1035 singularibus
807 994 829 1021 a
850 980 1006 1036 Jehova
1047 981 1257 1022 beneficiis
1275 979 1424 1022 affecti

285 1050 446 1105 populo
483 1050 715 1104 exemplum
756 1052 1024 1104 praeberent,
1070 1051 1182 1105 quod
1217 1051 1421 1091 imitaren-

286 1135 378 1173 tur,
410 1134 482 1176 per
504 1133 633 1163 totum
658 1120 787 1172 illud,
820 1122 933 1175 quod
963 1135 984 1162 a
1015 1121 1139 1162 Saulo
1167 1121 1217 1162 ad
1232 1121 1420 1162 Salomo-

284 1198 374 1234 nem
405 1205 532 1245 usque
562 1193 742 1233 excurrit
771 1202 955 1245 tempus,
989 1191 1194 1233 idolorum
1223 1190 1422 1246 plurium-

285 1273 364 1316 que
395 1260 581 1302 Deorum
609 1261 738 1303 cultui
765 1273 849 1304 non
875 1263 1138 1304 adhaeserint.

799 1398 823 1452 §
855 1398 927 1440 vl.

342 1543 442 1584 Post
480 1540 741 1583 Salomonem
786 1539 847 1582 ad
887 1537 1079 1594 exfilium
1111 1551 1240 1595 usque
1270 1533 1359 1583 Ba-

383 1611 617 1666 bylonicum
648 1624 740 1652 cum
772 1611 866 1652 alia
897 1610 1172 1651 memoranda
1188 1607 1315 1665 firm,

511 1691 600 1723 tum
622 1680 936 1737 prophetarum
966 1680 1187 1737 institutio.

338 1822 477 1875 Atque
532 1833 583 1862 ex
623 1820 714 1870 his,
759 1834 858 1874 quas
916 1822 1125 1874 hucusque
1175 1821 1413 1871 attulimus,

281 1894 406 1935 causis
451 1891 572 1933 facile
609 1891 866 1944 explicetur,
926 1905 998 1933 cur
1037 1892 1229 1945 deinceps
1268 1892 1317 1933 ad
1345 1905 1413 1932 ex-

281 1963 408 2005 filium
452 1973 579 2014 usque
614 1961 913 2014 Babylonicum
957 1975 1077 2016 quam
1118 1962 1281 2014 plurimi
1323 1961 1412 2001 fue-

279 2033 388 2083 rint,
434 2029 502 2085 qui
535 2042 623 2071 toto
653 2032 789 2073 animo
824 2032 1002 2086 Jehovae
1031 2030 1126 2072 Deo
1158 2029 1230 2072 suo
1259 2031 1410 2072 addicti

281 2103 347 2145 vel
374 2101 484 2143 nulla
509 2101 638 2155 ipsum
665 2101 795 2158 effigie
826 2101 1193 2156 repraesentarunt,
1239 2101 1302 2143 vel
1339 2113 1410 2156 pe-

555 2206 557 2208 .
1347 2183 1408 2214 re-

320 2248 388 2297 (a)
412 2250 630 2295 Muntinghe,
654 2252 675 2286 l.
705 2252 727 2288 l.
751 2262 782 2297 p.
810 2254 886 2296 316.
