1519 2729
501 197 753 256 (223)

75 337 209 395 spuit,
255 340 503 381 harmoniam
543 337 752 392 postulat,
795 337 980 390 adeoque
1017 335 1124 376 varia
1165 347 1214 376 et>

73 412 225 452 diversa
268 424 339 463 per
381 409 616 451 consensum
658 410 841 449 omnium
888 407 1058 454 finium,
1101 419 1206 458 quos

75 481 300 535 homopfibi
329 492 559 533 proponere
585 489 753 531 potest,
776 480 881 518 inter
896 478 935 518 se
964 475 1092 517 studet
1107 489 1207 518 con-

74 551 226 592 ciliare.
297 549 391 591 Hoc
431 549 560 590 modo'
599 548 722 590 officii
765 549 894 594 oritur
933 548 1073 595 notio,
1106 561 1210 600 quae

73 634 166 662 cum
203 621 397 675 habeatur
419 620 476 659 .in
517 619 694 666 naturis,
739 629 841 670 quae
879 616 1089 662 liberrima*
1112 630 1210 672 gau—

74 691 170 731 dent
199 690 407 730 voluntate
425 719 438 738 ,
470 688 519 729 ad
545 687 746 742 agendum
776 699 841 728 eas
860 686 1137 735 determinat,
1168 701 1209 734 et

75 759 239 812 quidem
283 759 512 807 absolute,
543 758 646 798 adeo
687 769 730 798 ut
766 758 847 812 jam
885 770 958 809 per
987 760 1211 810 practicam

75 831 270 869 rationem
301 842 348 868 ea
373 828 617 882 jubeantur,
648 841 750 881 quae
780 827 1020 869 constituere
1043 829 1213 881 possunt

75 897 209 952 legem
248 897 509 938 universalem
525 927 537 946 ,
557 917 559 919 ·
582 899 806 950 divcrfique
823 929 836 946 ,
858 910 923 939 ·et
967 900 1035 941 uni
1079 899 1209 940 homi-

75 969 146 1018 ni,
177 979 217 1008 ct
236 967 437 1019 ,omnibus
468 968 636 1007 omnino
667 968 901 1008 hominibus
933 970 1131 1022 propositi
1166 967 1210 1009 fi-

76 1051 148 1078 nes
196 1049 399 1078 concentu
458 1036 634 1090 quodam
680 1048 892 1077 cernantur
943 1049 1067 1090 atque
1123 1039 1212 1079 har-

79 1108 229 1149 monici.
966 1147 969 1149 .

78 1200 83 1203 -
133 1177 278 1220 Homo
295 1189 426 1219 tamen
450 1191 533 1220 non
561 1180 718 1234 tantum
746 1171 1052 1235 considerandus
1074 1191 1134 1219 est
1156 1177 1215 1218 sui

78 1250 200 1302 ipsius
217 1279 230 1297 ,
258 1249 328 1289 sed
355 1250 474 1288 etiam
491 1248 670 1288 .aliarum
686 1277 700 1296 ,
733 1249 805 1288 fibi
826 1248 968 1302 quoad*
978 1248 1216 1289 libertatem

78 1330 287 1359 eXternam
323 1316 578 1374 aequalium,
619 1329 846 1358 naturarum
877 1319 1045 1358 ratione.
1106 1318 1216 1361 Cum

79 1389 130 1428 iis
153 1388 259 1428 enim
282 1389 460 1428 cernitur
485 1388 525 1427 in
555 1386 933 1443 societaterdegenS.
969 1438 974 1442 .
995 1387 1074 1428 Sud
1115 1400 1214 1428 vero

76 1458 218 1498 vnatura
249 1469 343 1509 prae
371 1456 561 1497 omnibus
590 1456 830 1498 animalibus
857 1458 985 1498 homo
1011 1457 1216 1510 praeditus
1250 1452 1259 1461 ⁸

79 1539 140 1567 est
151 1526 434 1577 facultatibus,
460 1527 615 1580 ‘quibus
631 1528 765 1567 omnia
778 1527 828 1568 ad
842 1527 948 1567 suam
966 1515 1180 1568 utilitatem
1199 1559 1213 1577 ‚

81 1609 201 1650 atque
222 1595 473 1637 voluntatem
502 1596 664 1650 adigere
693 1608 844 1650 potest.
906 1596 1046 1650 Itaque
1069 1598 1215 1639 mirum'

82 1678 166 1706 non
180 1677 241 1706 est
257 1696 270 1714 ,
294 1666 522 1713 hominem,
547 1667 577 1723 *fi
595 1667 707 1707 hisce
723 1667 986 1713 facultatibus
1000 1667 1186 1708 abutatur
1201 1697 1214 1718 ,

84 1738 123 1776 in
155 1735 337 1788 perversa
364 1747 504 1782 ruere,
537 1735 720 1789 nihilque
749 1737 851 1777 adeo
872 1737 1027 1779 homini
1045 1748 1124 1778 tam
1140 1738 1216 1777 ini-

30 1826 31 1832 =
84 1807 234 1846 micum
262 1804 346 1844 esse
372 1804 599 1846 habendum
620 1806 886 1861 quam‘ipsum
903 1807 1064 1860 quidem
1082 1808 1215 1847 homi-

84 1888 190 1916 nem.
232 1874 457 1916 Felicitatis
486 1886 646 1917 nostrae
673 1874 802 1917 studio
828 1876 1014 1918 ducimur
1040 1886 1213 1926 'omncsg

38 1988 41 1991 .
85 1946 229 1988 exinde
252 1944 459 1999 profluunt
485 1947 524 1985 in
553 1946 655 1987 alios
684 1947 940 1995 inimicitiae,
974 1946 1213 1997 simultates,

85 2016 259 2058 habendi
276 2015 459 2057 studium.
505 2015 550 2056 In
579 2016 729 2057 diversa
746 2017 868 2070 igitur
886 2027 926 2056 et
941 2029 1062 2068 prava
1093 2028 1214 2069 quae-

85 2099 165 2141 que
194 2085 315 2127 facile
351 2084 624 2125 dilaberentur
652 2086 786 2125 omnia
803 2114 815 2134 ,
848 2097 984 2126 verum
1007 2087 1140 2131 ratio,
1165 2088 1213 2127 in

49 2155 148 2198 ‘'his
185 2156 303 2195 etiam
344 2154 510 2195 confusa
547 2154 782 2210 distinguit,
821 2155 943 2196 divisa
969 2156 1212 2210 conjungit,

80 2238 188 2283 ⁶quae
211 2225 334 2268 multa
350 2224 499 2267 suntad
513 2226 705 2268 unitatem
721 2237 886 2269 revocat
903 2255 915 2277 ,
947 2225 1016 2266 illa
1039 2239 1216 2267 concen-

629 2292 657 2333 P
855 2290 857 2293 ’
1133 2309 1216 2338 tum
