1519 2729
533 144 559 201 (
622 144 699 200 Ι63
759 141 786 198 )

164 283 231 325 Ex
257 283 407 325 summa
430 284 554 339 igitur
579 281 670 338 lege
701 279 811 337 (1),
850 294 929 337 qua
958 282 1084 324 homo
1114 284 1227 337 quod

105 355 262 396 sibimet
287 355 357 408 ipfi
389 354 539 403 debet,
585 354 690 394 idem
733 352 820 393 aliis
848 353 1084 395 hominibus
1111 367 1224 408 prae-

103 424 202 466 stare
233 437 390 465 tenetur
414 435 609 478 quatenus
652 422 755 464 illud
782 424 860 464 fine
890 423 1112 465 violatione
1142 423 1226 465 offi-

103 496 158 535 cii
185 508 281 550 erga
308 496 346 536 se
375 495 505 547 ipsum
535 493 620 534 fieri
647 503 811 546 potest,
843 506 893 534 ex
921 493 1071 534 sunnna
1100 495 1222 549 igitur

101 563 193 618 lege
224 564 322 605 haec
356 564 437 604 duo
471 576 618 618 genera
647 563 900 614 officiorum,
947 565 1225 618 perfectorum

99 645 142 674 et
167 633 498 687 imperfectorum
528 633 746 681 derivavit,
792 646 965 687 quorum
994 634 1063 675 illa
1099 636 1227 690 magis

98 705 325 758 negativis,
371 704 469 744 haec
515 715 648 744 autem
680 705 861 757 positivis
889 705 1069 744 terminis
1098 705 1225 745 teneri

98 775 299 814 contineri
328 774 429 814 dixit
444 771 538 828 (2).
578 772 734 814 Noram
750 785 881 815 autem
899 789 977 828 qua
992 776 1121 816 officia
1135 787 1226 829 per-

97 842 205 884 fecta
220 855 261 883 et
288 843 526 896 imperfecta
545 843 872 899 distinguuntur,
904 847 945 885 in
974 858 1024 886 eo
1048 845 1105 895 W
1122 845 1226 886 olf-

97 913 216 954 fius
246 913 405 953 videtur
434 912 644 966 posuisse,
676 925 720 953 ut
747 914 827 954 illis
856 914 1028 955 aliorum
1063 915 1224 968 perfee-

99 980 251 1023 tione'm
268 983 501 1039 imminuere
528 982 817 1034 prohibeamur
833 1013 845 1031 ,
878 985 940 1024 his
967 996 1110 1025 contra
1136 998 1224 1025 eam

96 1065 243 1107 augere
258 1053 481 1107 jubeamur.
514 1051 608 1093 Nec
622 1064 752 1092 tamen
780 1053 1007 1107 negandum
1035 1054 1221 1104 videtur,

96 1135 138 1164 et
167 1136 189 1163 e
224 1123 434 1177 disputatis
461 1122 703 1177 intelligitur
720 1152 732 1170 ,
765 1122 1024 1165 Wolffiu
1041 1137 1109 1174 m,
1140 1137 1224 1165 non

96 1195 265 1234 omnino
290 1194 464 1234 alienum
492 1192 615 1234 fuisse
644 1194 694 1233 ab
723 1191 791 1232 illa
834 1184 1055 1242 sententia,
1101 1207 1222 1248 quam

95 1276 239 1318 postea
271 1264 295 1305 S
314 1264 549 1304 ulzerus
575 1261 785 1315 amplexus
812 1274 899 1312 est,
945 1276 1104 1316 quaque
1147 1263 1220 1304 do-

95 1345 211 1376 cetur
249 1335 298 1375 ab
336 1333 564 1382 evidentia,
596 1345 674 1385 qua
702 1332 873 1374 officium
905 1332 1090 1386 praestari
1125 1346 1222 1386 pos-

94 1403 133 1444 se
161 1405 479 1456 cognoscimus,
518 1402 795 1456 perfectorum
824 1403 1047 1445 officiorum
1083 1416 1221 1446 notam

93 1473 176 1514 esse
192 1472 464 1526 repetendam.
523 1471 675 1514 Verum
697 1480 827 1512 tamen
844 1473 969 1526 ipsam
996 1473 1221 1515 doctrinam

93 1542 168 1586 hac
198 1554 293 1582 nota
328 1553 512 1595 tanquam
536 1540 797 1583 fundamento
828 1554 910 1584 non
940 1543 1218 1597 superstruxis-

93 1612 131 1653 se
167 1613 324 1654 videtur
352 1609 409 1655 W
425 1611 478 1653 ol
495 1611 570 1652 ffi
586 1625 612 1652 u
628 1624 660 1652 s,

137 1736 201 1782 (1)
225 1739 320 1772 Parte
345 1728 414 1782 1.'§
440 1739 517 1773 608.
927 1778 930 1780 v

136 1792 200 1838 (2)
225 1796 322 1829 Conf.
352 1795 447 1828 Parte
479 1795 505 1829 Ι.
536 1794 553 1838 §
584 1794 646 1838 673
671 1796 763 1840 seqq.
793 1797 811 1841 §
836 1796 897 1841 691
913 1822 923 1838 ‚
946 1797 1010 1842 692
1027 1822 1038 1838 ,
1061 1798 1138 1841 693.
1162 1798 1217 1832 De

90 1851 304 1886 fundamento
325 1858 433 1883 autem
465 1859 500 1883 et
529 1852 673 1894 ratione,
711 1853 830 1895 quibus
865 1854 971 1887 officia
994 1855 1148 1899 perfecta
1183 1863 1218 1888 et

91 1909 286 1952 imperfecta
308 1908 448 1940 nitantur
476 1915 575 1949 atque
604 1903 815 1954 explicentur
838 1911 995 1944 summum
1025 1912 1131 1945 virum
1159 1911 1218 1945 fibi

90 1976 155 2000 nou
180 1965 357 2007 constitisse
387 1964 536 1999 observat
560 1965 601 1999 M
618 1976 636 2000 e
652 1967 673 1999 h
688 1977 720 2000 m
736 1974 755 2000 e
771 1967 802 2007 l,
827 1968 849 2002 l.
874 1969 896 2002 l.
917 1978 952 2011 p.
974 1977 1033 2011 70.

1108 2259 1213 2312 §V.
