1519 2729
700 191 726 248 <
789 206 867 249 Ῑ30
924 195 955 250 )

272 329 391 370 nobis
421 328 504 370 esse
533 339 684 381 potest.
744 329 891 385 Neque
932 333 1151 387 probavit,
1195 333 1260 375 sed
1296 333 1399 375 dixit

270 400 426 448 modo,
467 400 765 454 cogitationes»,
806 402 1054 452 volitiones,
1098 404 1278 445 actiones
1313 402 1398 444 Dei

267 469 425 510 easdem
459 469 571 519 esse3
602 469 715 524 quod
741 482 878 513 tamen·
908 487 1011 522 nos,
1057 474 1253 527 temporis
1282 475 1398 528 cogi-

267 541 418 581 tatione
431 539 660 597 eonstricti,
684 539 805 580 nobis
821 554 1051 595 proponere
1067 555 1149 584 non
1167 543 1395 595 possumus·

322 610 396 651 III.
429 610 473 650 In
504 608 675 650 Ethices
700 608 745 650 Ρ.
776 609 808 650 Ι.
838 610 961 664 Prop.
995 615 1061 665 38.
1103 612 1217 654 Deus
1247 613 1402 653 dieitur

264 677 395 735 causa
438 677 660 734 absbluta,
695 679 906 733 proxima
949 694 1095 722 rerum
1151 681 1396 722 immediate

265 751 321 792 ab
358 763 400 790 eo
421 749 747 804 producturum.
837 747 954 803 Quae
994 749 1187 791 sententia
1216 751 1400 804 quamvis

262 819 526 867 defendatur,
558 831 690 860 tamen
714 818 902 861 ultimum
930 818 1026 861 Deo
1053 820 1279 861 adscribere
1302 832 1402 873 pos-v

262 891 394 932 sumus
425 889 571 938 finem,
602 900 644 930 et
672 889 747 930 hac
778 890 940 942 quidem
969 891 1153 930 ratione:
1185 889 1300 931 Deus
1325 902 1398 930 co-

259 963 388 1016 gitat,
419 959 506 1000 vult
532 970 572 999 et
594 959 868 999 modificando
887 959 1080 1012 producit
1107 960 1292 1001 homines
1319 959 1403 1000 bo«

261 1041 336 1072 nos
353 1061 366 1078 ‚
396 1029 519 1070 nullis
533 1030 674 1069 mediis
691 1059 704 1078 ,
736 1029 777 1069 id
793 1039 853 1068 est
881 1028 1147 1077 adiumentis,
1175 1029 1395 1080 adhibitis,

263 1092 383 1153 aitque
411 1101 464 1139 ita
493 1098 612 1139 finem
653 1098 888 1152 assequutus
923 1112 986 1140 est
1024 1100 1238 1141 ultimum:
1284 1099 1398 1153 quod

263 1171 427 1210 minime
458 1179 637 1223 pugnat,
668 1179 736 1209 aut
777 1183 870 1211 cum
908 1169 1065 1223 placito
1108 1169 1243 1222 Spin
1262 1169 1396 1210 osae

261 1239 312 1280 de
352 1237 749 1287 modificationibuS,
791 1252 860 1281 aut
896 1253 988 1281 cum
1025 1253 1105 1287 eo,
1155 1252 1239 1292 quo
1279 1238 1396 1279 Deus

259 1309 408 1351 dicitur
423 1307 538 1349 causa
553 1307 640 1357 sui,
670 1308 815 1350 eodem
830 1309 941 1350 sensu
955 1322 1073 1362 atque
1089 1307 1284 1355 universi,
1313 1306 1394 1361 (1)

258 1390 326 1420 aut
365 1379 538 1431 denique
575 1391 668 1419 cum
707 1378 892 1432 placito,
936 1380 985 1421 de
1024 1378 1121 1420 Deo
1162 1379 1387 1420 necessitati

259 1460 422 1490 naturae
449 1448 539 1489 suae
565 1448 764 1490 subiecto.

279 1548 284 1559 .
316 1519 456 1574 Quum
497 1520 620 1572 igitur
659 1518 809 1571 placita
851 1517 1132 1571 spinosae
1171 1517 1301 1559 ideam
1356 1530 1397 1559 et

256 1588 498 1630 volitionem
530 1586 609 1641 (2)
640 1587 730 1628 finis
758 1588 891 1629 ultimi
920 1588 1016 1629 Deo
1049 1599 1133 1628 non
1162 1588 1362 1641 denegent
1380 1618 1393 1636 ‚

260 1659 330 1701 sed
374 1658 493 1699 finem
539 1657 726 1698 ultimum
779 1659 1030 1698 immediatae
1066 1669 1107 1698 et
1151 1657 1396 1706 necessariae

261 1729 490 1782 operationi
518 1727 720 1773 tribuant,
752 1728 867 1768 restat
895 1727 1074 1780 quaestio
1088 1727 1137 1767 de
1153 1740 1226 1776 eo,
1262 1740 1393 1768 utrum
1420 1770 1422 1772 ,

263 1798 380 1840 Deus
396 1797 724 1839 fineadiumentis
740 1796 1022 1850 (immediate)
1036 1797 1142 1837 hunc
1161 1797 1277 1837 finem
1293 1797 1394 1837 asse-

263 1881 413 1922 quutus
435 1870 501 1915 fit,
531 1880 578 1907 an
593 1868 913 1908 adiumentorum
930 1880 1009 1920 ope
1027 1864 1281 1921 (mediate)?
1303 1867 1395 1909 Nee

265 1939 433 1981 dubito«
459 1939 556 1990 quin
584 1950 723 1978 omnes
753 1938 825 1978 fint
852 1940 1054 1993 agnituri,
1089 1938 1186 1978 fines
1213 1950 1295 1978 non
1312 1938 1396 1978 dari

266 2009 344 2050 fine
367 2008 633 2057 adiumentis,
666 2020 766 2062 quae
795 2008 875 2050 sese
903 2009 1036 2050 ubivis
1064 2009 1184 2049 nobis
1211 2007 1393 2049 offerant.

311 2174 376 2220 (ι)
399 2178 421 2211 1.
452 2186 483 2209 c.
508 2179 544 2211 P.
575 2179 601 2212 I.
633 2179 732 2222 Prop.
756 2180 811 2223 58.

310 2231 374 2277 (2)
398 2235 523 2268 volitio
539 2236 556 2266 S
568 2235 640 2276 pin
652 2238 720 2269 osa
733 2245 751 2268 e
778 2244 828 2268 est
853 2234 998 2278 facultas
1009 2235 1188 2277 affirmandi
1199 2243 1229 2269 et
1245 2236 1381 2279 negandi

265 2292 367 2326 conf.
397 2293 422 2324 1.
449 2301 479 2326 c.
511 2293 547 2326 P.
577 2293 621 2326 11.
647 2293 746 2336 Prop.
769 2295 822 2336 48.
