1519 2729
585 135 814 227 (ἦξε)

141 284 309 328 omnino
338 277 605 335 praescribit,
650 288 753 330 quae
784 275 824 315 in
852 271 969 314 laude
999 270 1106 313 haud
1134 271 1278 311 imme-

141 368 223 409 rito
252 375 459 420 ponuntur
497 360 717 402 Arabibus.
777 356 933 399 Eadem
976 354 1150 408 ipsarum
1191 365 1280 393 mu-

143 450 285 491 lierum
318 445 437 533 talzm
469 445 592 486 habet
620 443 850 492 rationem,
883 428 1014 493 qualis
1050 449 1134 477 non
1169 435 1283 476 fasti-

145 532 296 575 diosam
322 527 534 584 quamdam
565 525 990 571 commiserationem,
1021 520 1169 561 nedum
1185 530 1289 560 con·

147 625 317 657 temtum
358 613 542 666 iniquum
585 609 732 665 prodat
779 607 895 649 sexus
933 603 1175 652 debilioris,
1219 599 1288 642 sed

147 700 251 754 quae
281 697 330 739 ad
349 710 414 738 eas
438 697 549 752 J'usto
566 725 579 746 ‚
611 704 804 748 quantum
831 693 872 732 in
899 690 1069 730 Oriente
1087 687 1173 728 fieri
1190 698 1290 741 pos-

149 784 226 833 fit,
258 782 392 836 pretio
421 777 680 820 aestimandas
718 776 891 817 maxime
931 772 1149 815 conducat.
1209 768 1292 809 Ea-

150 865 244 908 dem
271 864 446 916 denique
472 861 694 903 vindictam
720 859 886 913 quidem
921 855 1151 911 permittit,
1197 851 1294 892 Ori-

151 946 354 989 entalibus
386 958 437 986 ex
462 945 660 985 avitarum
692 940 1030 982 consuetudinum
1071 934 1297 990 pertinacia

151 1028 424 1073 honorificam
450 1026 605 1076 visam,
635 1035 912 1066 verumtamen
944 1021 1132 1069 damnat,
1177 1017 1205 1059 fi
1234 1019 1297 1058 in-

150 1113 261 1169 justa
290 1112 335 1152 fit
365 1122 433 1152 aut
462 1108 630 1151 modum
660 1107 860 1156 excedat,
892 1114 1013 1159 atque
1051 1100 1299 1157 indulgenti·

155 1209 220 1238 am
251 1193 513 1237 commendat
543 1190 863 1247 generosamque
893 1189 1127 1244 injuriarum
1166 1186 1302 1237 impu·

157 1280 355 1327 nitatem,
410 1276 527 1331 eujus
571 1274 883 1316 illustrissimum
935 1269 1170 1324 exemplum
1216 1265 1304 1320 ipse

158 1362 352 1416 praebeat
378 1359 509 1401 Deus‘.

158 1440 161 1442 ’
217 1443 332 1486 Haec
367 1453 510 1492 erant,
557 1440 610 1482 A.
647 1439 702 1481 A.
744 1450 847 1493 quae
877 1437 926 1477 de
955 1434 1161 1477 Arabibus
1191 1432 1303 1474 dice-

161 1541 246 1570 rem
272 1527 443 1568 honoris
469 1524 599 1566 studio
628 1519 1012 1564 commemorandi&
1073 1516 1192 1572 Quae
1209 1527 1304 1557 cum

164 1611 385 1666 plurimum
425 1608 554 1657 abiit,
601 1617 645 1648 ut
685 1605 875 1646 omnibus
906 1603 1083 1644 numeris
1122 1598 1308 1641 absoluta

168 1694 384 1743 habeatis,
417 1693 472 1732 ita
498 1702 662 1740 tamen,
694 1690 765 1730 nifi
796 1687 941 1737 fallar,
973 1694 1208 1738 comparata
1246 1694 1307 1722 es·

170 1777 209 1819 se
232 1776 500 1832 judicabitis,
530 1785 575 1815 ut
602 1772 724 1814 facile
759 1784 810 1813 ex
841 1772 889 1812 iis
919 1768 1156 1824 colligatis,
1201 1766 1309 1820 ejus·

172 1860 283 1901 modi
325 1858 407 1899 esse
448 1857 550 1898 illud
578 1855 687 1911 apud
720 1854 877 1895 Arabes
912 1852 1084 1893 studium
1112 1849 1311 1897 honoris,

172 1954 218 1985 ut
257 1944 298 1983 in
329 1940 412 1995 ipsa
454 1940 519 1980 sua
548 1952 640 1980 cum
679 1939 827 1993 agresti
865 1934 1032 1977 subinde
1066 1933 1311 1987 asperitate,

175 2037 262 2068 tum
290 2025 414 2065 nimia
439 2023 723 2072 vehementia,
768 2032 851 2060 non
878 2017 1120 2059 incultarum
1164 2014 1312 2056 referat

177 2106 364 2165 gentium
390 2105 568 2147 indolem
587 2135 599 2156 ‚
647 2104 713 2146 sed
740 2104 918 2144 nativum
950 2101 1126 2155 aliquem
1161 2098 1312 2139 amabi·

178 2192 342 2250 lemque
373 2189 589 2234 candorem
606 2219 619 2242 ‚
650 2199 770 2243 atque
792 2183 1196 2242 ingenuanrinaxinie
1223 2183 1314 2223 fim-

1235 2262 1315 2325 pli·
