1519 2729
503 152 724 211 (11)

70 293 288 343 methodo,
334 306 451 346 quam
479 293 693 345 proposuit
736 290 978 332 Adamus
1020 286 1180 330 Zalu-

70 364 298 412 zanius‚
335 363 642 417 cognominatus
668 375 773 403 von
804 360 1183 408 Zaluzanski‚

69 431 248 485 Polonus
281 431 390 486 (1),
423 433 492 486 qui
524 431 635 486 674,
674 433 723 473 de
751 431 899 485 quibus
926 432 1037 485 agit,
1070 430 1182 483 plan-

71 514 128 544 tas
168 502 382 543 secundum
423 514 557 542 earum
597 503 807 556 qualitates
839 511 880 541 et
923 500 1104 541 habitum
1141 501 1184 539 in

71 586 125 625 24
149 573 292 614 classes
319 573 477 622 divifit‚
520 585 688 626 quarum
728 570 947 612 nonnullae
985 568 1184 611 naturales

68 642 239 683 familias
286 645 510 684 continent.
598 642 653 682 At
703 653 799 682 vero
838 641 1056 682 dolendum
1098 652 1187 690 est,

69 711 438 753 Zaluzanium
478 714 519 753 in
561 712 634 752 hac
677 710 872 752 methodo
912 712 1051 752 ericus
1094 723 1188 752 cum

69 780 296 836 c077iferi5‚
347 783 520 837 palmas
569 794 660 822 cum
716 780 987 835 euphormis,
1033 781 1188 822 umbel-

70 850 224 905 liferas
277 854 369 892 cu'm
419 850 645 905 compofitis
687 851 977 906 eefilicffim,
1020 850 1188 905 grami-

69 934 129 962 na
166 934 257 962 cum
294 919 500 962 orchideis
539 922 580 960 in
624 920 762 960 eadem
815 920 940 960 classe
984 923 1188 960 enumcra-

9 1039 14 1043 ι
68 991 200 1040 visse,
244 991 355 1044 quod
393 990 597 1031 evidenter
640 989 909 1040 demonstrat,
955 1002 1072 1042 quam
1100 1001 1190 1041 pet-

67 1061 219 1101 versam
247 1060 427 1100 methodi
457 1059 815 1101 ideamlhabebant
842 1059 1030 1100 Botanici
1071 1059 1189 1116 hujus

72 1132 174 1173 aevi.
247 1130 394 1171 Postea
437 1131 558 1175 ambo
597 1130 857 1180 Bauhini.,
900 1130 1190 1183 Casparus

68 1212 213 1255 nempe
244 1213 285 1241 et
320 1200 636 1255 JohanniS,
669 1201 755 1242 suas
796 1199 990 1241 dederunt
1030 1200 1190 1240 mecho-¹

69 1270 144 1312 dos
188 1272 228 1311 in
256 1270 486 1312 celebribus
524 1271 601 1311 suis
643 1271 862 1326 operibus,
913 1284 1087 1324 quorum
1117 1271 1192 1311 ima

68 1343 210 1396 primis
268 1340 568 1382 memorandum
633 1352 694 1382 est
749 1341 851 1382 illud
904 1341 1188 1395 Johannis

69 1410 322 1452 Bauhini
363 1409 474 1464 (2),
519 1411 589 1464 qui
628 1412 669 1451 in
713 1425 770 1464 40
809 1410 1000 1453 clasfibus
1035 1412 1193 1452 metho-

69 1480 165 1522 dum
205 1493 288 1522 non
329 1483 384 1521 ita
425 1481 569 1522 malam
610 1481 839 1535 proposuit.
897 1482 1194 1536 Jonstoni-

69 1560 131 1590 us
172 1549 280 1604 (3),
336 1548 583 1592 Bauhini
635 1552 885 1597 methodum,
926 1550 1192 1605 aliquomodo

71 1621 248 1661 imitatus
275 1630 336 1661 est
366 1633 533 1675 eamque
562 1623 725 1662 minime
755 1623 938 1677 pejorem
972 1621 1161 1663 reddidit.

117 1742 181 1788 (1)
205 1744 372 1791 Methodus
385 1746 575 1787 Herbarm,
601 1747 694 1790 Prag.
721 1757 818 1791 1592.
1056 1788 1060 1793 ,

117 1799 182 1845 (2)
204 1801 347 1836 Historia
373 1794 567 1836 Plautafium
595 1805 800 1847 unisretsalis,
825 1803 998 1838 Ebroduni
1030 1803 1127 1846 1650.

61 1869 68 1888 ι
120 1854 182 1901 (3)
205 1858 334 1892 Notitia
357 1863 446 1902 regni
465 1860 656 1903 Vegetabilis
671 1887 682 1902 ‚
719 1862 871 1896 Francof.
898 1862 995 1898 1662.
1050 1861 1116 1905 Qui
1139 1869 1195 1903 au-

75 1922 142 1947 tem
169 1914 211 1947 de
241 1914 330 1948 hisce
350 1915 582 1958 antiquioribus
602 1919 694 1960 plura
722 1928 927 1960 cognoscere
957 1919 1064 1958 velit,
1103 1917 1197 1951 adeat

73 1970 106 2004 ‘A
119 1969 139 2003 d
154 1979 170 2003 a
184 1980 204 2003 n
218 1970 238 2003 s
246 1980 266 2004 ο
280 1971 352 2005 niu
367 1980 398 2004 m
414 1995 425 2013 ,
447 1975 479 2006 in
508 1973 711 2017 Praefatione
738 1977 866 2030 Operis,
886 1976 1009 2020 saepius
1024 1974 1154 2009 laudati.

1023 2243 1049 2297 ς
1079 2240 1195 2284 v111.
