1519 2729
583 151 612 207 (
674 148 838 207 147)

251 294 604 352 SECT'JO
664 303 1143 349 SECUNDA.

412 487 759 520 SOCIALISTARUM
787 486 986 517 PLACITA.

409 639 1015 671 ψ’

138 732 263 817 Pro
295 774 458 830 fingulis
483 774 582 828 juris
611 773 853 828 principiis,
884 786 987 827 quae
1010 772 1274 815 assumserunt

135 843 378 896 Philosophi
420 845 552 884 variae
590 842 755 883 fuerunt
796 844 1041 885 discriminis
1080 845 1183 885 inter
1210 845 1274 886 of·

136 913 229 956 ficia
268 913 473 958 Perfecta*
496 924 536 952 et
580 911 824 965 Imperfecta
861 928 996 956 notae.
1030 937 1074 948 —
1105 914 1165 955 Ita
1204 915 1275 968 qui

134 983 523 1029 societatis'cultum
554 982 753 1024 summum
782 984 867 1024 esse
892 986 991 1039 juris
1025 986 1275 1038 principium

81 1080 84 1083 -
134 1065 351 1108 putarent,
397 1053 458 1094 illi
485 1053 605 1093 etiam
631 1065 681 1094 ex
708 1067 759 1095 eo
792 1067 889 1096 num
926 1056 1053 1110 magis
1094 1056 1277 1096 minusve

137 1124 306 1171 directo
342 1124 472 1166 officia
499 1123 725 1176 spectarent
759 1124 1024 1175 societatem,
1070 1126 1276 1179 petierunt:

135 1194 243 1235 inter
274 1194 405 1236 officia
432 1193 620 1236 Perfecta
646 1205 687 1234 et
722 1193 968 1250 Imperfecta
997 1194 1275 1238 differentiam.

654 1331 745 1387 §L

286 1476 967 1519 PUFENDORFIUS
1027 1473 1123 1531 (ι).

191 1613 318 1668 Quod
355 1616 460 1665 alia,
507 1616 638 1670 inquit
656 1624 672 1664 ‚‘
714 1616 836 1669 nobis
876 1616 1066 1670 perfecte
1101 1614 1178 1656 alia
1202 1617 1278 1656 im-

134 1685 318 1736 perfecte
345 1687 563 1727 debeantur
580 1716 593 1735 ,
622 1685 739 1727 causa
762 1698 822 1726 est
839 1717 852 1737 ,
884 1687 990 1727 inter
1019 1698 1090 1727 eos
1107 1685 1277 1739 quidem

135 1755 205 1807 qui
250 1756 289 1794 in
334 1757 503 1797 naturali
532 1756 720 1797 libertate
748 1756 882 1798 secum
910 1758 1085 1800 invicem
1108 1757 1276 1804 vivunt,

141 1824 341 1865 diverfitas
369 1838 680 1879 praeceptorum
709 1825 816 1880 Juris
844 1827 1034 1869 naturalis
1051 1857 1064 1877 ,
1102 1838 1278 1880 quorum

136 1893 218 1934 alia·
240 1893 356 1934 ael-ra
387 1889 499 1950 'ei-fe,
538 1894 614 1935 alia
644 1895 840 1937 duntaxat·
876 1897 928 1938 ad
969 1899 1011 1937 τὸ
1054 1897 1154 1938 bene
1196 1892 1280 1950 esse

138 1964 343 2006 societatis
371 1963 539 2005 faciunt.
613 1964 733 2005 Unde
763 1978 856 2006 cum
883 1967 1014 2006 minus
1053 1964 1278 2006 necessari-

136 2046 205 2075 um
237 2035 303 2084 fit,
336 2034 435 2076 haec
462 2047 579 2088 quam
610 2034 679 2075 illa
707 2034 822 2076 alteri
848 2035 1063 2087 exhiberi,
1107 2036 1278 2076 rationis

208 2148 211 2151 ,
241 2148 244 2151 ,
264 2147 267 2151 ,
404 2139 406 2142 ,
1090 2148 1093 2153 ζ
1114 2126 1137 2163 j:
1183 2117 1280 2160 qua-

184 2183 247 2229 (1)
268 2183 342 2221 Jur.
364 2184 451 2220 Nat.
474 2193 505 2219 et
527 2186 619 2220 Gent.
649 2184 690 2221 L.
715 2186 741 2221 1.
765 2195 795 2220 c.
820 2193 853 2230 7.
876 2185 894 2229 S
918 2194 950 2228 7.
