1519 2729
613 152 836 213 (19)

140 293 315 348 aliquam
366 295 558 349 pietatem
617 292 698 349 (1)
748 292 942 343 adhibet,
997 291 1064 334 sed
1118 291 1260 333 sanita-

140 375 221 404 tem
249 361 329 417 (2)
359 363 468 406 illam
499 364 693 407 moralem
721 365 794 406 fibi
821 375 1056 417 comparare
1100 360 1257 412 studet,

137 434 209 487 qui
239 434 293 474 ita
325 433 399 475 scit
427 433 465 476 se
489 447 627 476 revera
646 431 790 489 posse,
822 434 864 475 id
891 433 1003 487 quod
1031 431 1259 486 lexjubet,

136 513 181 549 ur
202 501 352 557 faciat
376 501 486 558 (3),
517 519 567 546 ex
598 507 816 546 certamine
845 503 919 545 illo
956 516 1049 545 cum
1080 502 1265 556 perversa

136 570 204 613 sua
242 584 382 614 natura
403 585 486 614 non
514 574 660 617 dubius
687 578 822 617 victor
847 573 980 615 evadit
1008 571 1104 628 (4).

191 639 326 684 Nullo
366 645 631 686 enim-modo
673 654 723 689 ex
766 646 889 687 officii
914 639 1266 685 ratione‘coactio

135 721 300 753 externa
328 724 465 765 potest
492 714 676 757 derivari.
719 716 831 771 Cogi
860 714 1022 768 quidem
1040 715 1203 768 possum
1221 725 1262 755 et

137 791 325 835 tanquam
341 784 797 835 remediuntadhiberi‚
830 798 914 840 quo
943 784 1044 827 alius
1072 784 1184 824 suum
1202 795 1261 825 at-

136 852 264 906 tingat
278 852 397 894 finem
409 884 421 903 ‚
435 855 484 895 ad
499 856 626 908 ipsum
645 869 744 897 vero
759 854 877 897 finem
892 856 991 897 mihi
1006 856 1262 910 propolitum

78 932 85 936 ·
133 933 216 961 non
233 922 398 974 possum
411 918 646 976 pervenire,
673 926 741 966 nifi
757 938 831 978 per
852 927 1020 967 rationis
1041 927 1170 968 usum.
1203 925 1262 966 Et

131 992 189 1032 ita
214 992 378 1046 quidem
403 995 478 1035 rite
504 994 765 1050 distinguitur
784 994 935 1036 Ethica
962 1008 984 1035 a
1007 995 1115 1050 Juris
1139 995 1263 1036 disci-

132 1060 258 1116 plina.
289 1084 333 1095 -—
364 1063 408 1104 In
438 1065 511 1107 hac
528 1066 634 1107 enim
651 1067 816 1108 coactio
843 1076 886 1106 re
910 1078 1004 1105 vera
1020 1065 1206 1115 obtinet,
1233 1066 1261 1107 fi

132 1132 296 1185 quidem
313 1133 413 1175 alter
439 1136 583 1177 orbem
599 1166 613 1185 ‚
645 1138 716 1190 qui
744 1135 806 1176 illi
833 1148 856 1176 a
878 1137 1036 1194 ratione¹
1057 1136 1170 1178 datus
1199 1146 1262 1177 est

131 1213 173 1242 et
207 1204 452 1257 concessus,
484 1208 525 1247 in
550 1221 634 1261 quo
658 1207 739 1248 sese
765 1217 950 1255 moveat,
980 1206 1191 1260 reliquerit
1218 1217 1263 1247 et

132 1267 371 1315 in'alterius
399 1275 540 1317 orbem
566 1277 690 1318 fuerit
718 1278 948 1332 ingressus;
980 1277 1062 1318 hoc
1095 1277 1186 1318 casu
1218 1277 1261 1318 in

133 1340 245 1382 suum
286 1343 408 1396 ipfius
447 1345 589 1387 orbem
633 1349 674 1387 vi
713 1358 861 1388 armata
900 1359 1012 1388 recte
1053 1347 1262 1400 rejicitur,

131 1413 201 1454 nifi
228 1414 421 1465 pactione
448 1425 515 1453 aut
539 1416 617 1456 alifi
639 1417 810 1468 quadam
842 1416 890 1456 de
925 1415 1041 1456 causa
1066 1416 1131 1470 jus
1168 1429 1260 1470 per-

134 1481 288 1524 fectum
317 1482 574 1536 acquifiverit
602 1483 699 1540 (5).
760 1485 807 1527 In
842 1486 978 1528 officio
1010 1498 1109 1528 vero
1149 1486 1261 1527 nulla

1192 1556 1260 1598 da-

179 1673 242 1720 (1)
266 1677 355 1711 Kan
372 1688 383 1712 t
400 1704 410 1719 ,
432 1679 518 1715 Einl.
546 1691 578 1713 z.
606 1675 753 1724 Tugendl.
780 1691 814 1725 p.
842 1689 899 1724 53.
944 1722 947 1723 ⁷

178 1732 242 1778 (ρ)
268 1735 315 1769 Id.
343 1736 421 1770 ibid.
442 1748 474 1780 p.
503 1748 541 1772 10
566 1739 612 1780 sq.

179 1789 243 1834 (3)
270 1791 319 1825 ld.
343 1792 423 1827 ibid.
445 1805 476 1837 p.
507 1804 538 1837 3.

177 1845 241 1892 (4)
267 1849 437 1883 Praeclare
468 1851 599 1892 Kant‚
620 1851 711 1888 vEinl.
740 1864 772 1887 z.
791 1853 940 1895 Tugendl.
962 1864 995 1897 p.
1014 1855 1068 1888 28.
1093 1853 1260 1895 Allestlir-

131 1905 169 1937 ke
195 1906 277 1938 wit-d
292 1916 354 1940 nur
371 1906 470 1940 durch
496 1908 698 1950 [lindemu'sse
719 1910 880 1952 erkannt,
903 1910 953 1943 die
975 1909 1018 1954 sie
1032 1910 1259 1952 z'ibetwt'ilstgen

131 1959 242 2003 kann3
267 1962 320 2003 bey
347 1963 403 1995 der
431 1963 559 2006 Tugeml
578 1975 610 1998 u.
630 1964 659 2007 f
687 1975 726 1999 W.

177 2014 242 2061 (5)
268 2018 412 2059 Egregie
437 2019 496 2053 hac
525 2019 567 2052 de
599 2030 634 2054 re
663 2022 728 2063 agit
757 2022 800 2056 D.
839 2022 998 2055 lloola
1033 2031 1109 2054 van
1146 2021 1261 2055 Noo-

131 2083 174 2109 te
190 2083 210 2106 n
226 2098 236 2114 ‚
260 2074 434 2108 Antea-ooml
453 2085 488 2120 op
515 2078 553 2110 de
575 2078 712 2119 Vmag:
737 2102 759 2119 ‚‚
781 2079 873 2111 welke
898 2082 923 2112 is
940 2078 979 2111 de
997 2078 1116 2120 grand,
1149 2088 1258 2111 waar-

130 2139 164 2175 op
192 2142 261 2164 men
288 2142 341 2164 cen
365 2134 517 2166 wollt-offen
545 2143 617 2178 regt
645 2136 697 2167 uit
723 2145 796 2166 eene
827 2136 1052 2169 overeenkomst
1066 2134 1106 2179 (ψ’
1116 2142 1263 2169 εοηίῑήεί

129 2187 311 2235 νσνΙενῇςῐ,
334 2189 425 2223 enz.'’
443 2215 453 2231 ‚
480 2191 536 2234 qui
553 2189 679 2234 scriplit
703 2189 746 2225 de
772 2184 1027 2234 obligationibus
1050 2192 1213 2236 perfectis
1231 2201 1263 2224 et

1207 2257 1258 2281 ox«
