1519 2729
677 156 721 212 «ε
779 122 918 220 πί)

242 291 368 352 igitur
387 295 558 338 diffiteor
596 294 816 348 equidem,
861 305 990 335 novae
1029 305 1076 334 ac
1112 292 1377 335 formidolosa

231 370 374 432 ¹specie
401 379 558 419 infamis
585 376 817 427 ambitionis
848 387 984 417 motus
1023 389 1045 417 a
1084 375 1376 422 Mohammede

240 462 440 502 excitatos
468 459 618 511 fuisse,
663 459 712 500 ad
741 472 916 513 quorum
962 457 1088 499 solam
1126 458 1377 500 recordatio-

235 555 330 583 nem
359 542 593 598 ingemiscat
619 542 869 584 humanitas!
917 540 974 582 At
1003 554 1085 582 non
1117 541 1286 582 omnino
1319 551 1376 584 ta-

235 638 333 666 men
362 624 655 680 dijudicandam
692 624 868 666 arbitror
907 625 990 665 vim
1032 613 1243 679 religionis
1274 623 1376 668 Mo-

231 707 509 748 hammedicae
537 721 587 748 ex
616 707 790 748 horridis
820 707 1104 762 temporibuS,
1151 705 1300 760 quibus
1335 716 1377 745 et

231 789 319 843 ipse
348 790 433 844 ejus
462 802 605 831 auctor
639 801 678 830 et
714 791 892 843 proximi
932 770 1171 843 praesertim*
1216 787 1376 829 succes-

231 872 342 913 sores
370 872 558 914 Chalifae
584 882 787 914 armorum
819 884 974 913 terrore
1003 871 1116 912 illam
1145 882 1377 926 propagare

232 965 274 993 et
303 954 627 1008 quibuscumque
648 955 839 1009 gentibus
870 950 1090 995 obtrudere
1127 954 1374 1008 praegestie-

232 1036 359 1086 bant,
390 1036 567 1078 fanatico
595 1037 733 1078 surore
770 1038 909 1092 agitati
958 1048 998 1076 et
1028 1036 1272 1079 dominandi*
1304 1048 1374 1077 cu-

231 1119 402 1171 piditate
446 1119 671 1174 flagrantes.
761 1119 964 1160 Prodeant
995 1120 1104 1160 enim
1135 1120 1175 1159 in
1197 1128 1374 1159 vestrum

230 1200 497 1253 conspectum
552 1214 598 1241 ea
644 1202 836 1242 historiae
896 1200 1097 1241 Arabicae
1157 1211 1374 1253 tempora,

234 1295 340 1335 quae
368 1293 518 1323 tantum
548 1282 662 1322 abest
682 1313 695 1332 ‚
740 1293 784 1323 ut
813 1283 973 1337 ingrato
1016 1294 1137 1335 atque
1181 1282 1374 1324 intolera-

232 1364 308 1405 bili
339 1376 590 1405 cruentarum
613 1366 876 1405 victoriarum
904 1364 1067 1419 fulgore
1101 1356 1372 1416 absterreant,

231 1459 275 1488 et
296 1447 477 1488 Arabico
506 1448 661 1487 nomini
689 1446 882 1488 summam
909 1447 1122 1488 inusserint
1156 1448 1373 1502 turpitudi-

232 1531 296 1570 nis
326 1530 470 1570 famam
487 1559 500 1580 ,
532 1541 577 1570 ut
604 1530 742 1583 potius
773 1529 882 1571 suavi
909 1540 950 1570 et
974 1542 1143 1571 amoena
1173 1531 1396 1572 bonarum*

232 1611 456 1653 litterarum
495 1611 589 1653 luce
625 1611 809 1670 alliciant
835 1610 1105 1666 placeantque
1148 1626 1371 1670 magnope-

231 1707 304 1744 re,
335 1707 380 1735 ac
408 1708 547 1735 verum
574 1695 808 1749 justumque
837 1695 961 1736 decus
989 1696 1137 1736 eximie
1174 1696 1371 1737 concilia-

232 1778 313 1818 rint
337 1778 566 1818 Arabibus!
598 1777 800 1819 Prodeant
828 1789 1042 1830 tempora,
1076 1778 1247 1831 quibus,
1274 1778 1369 1820 dum

233 1859 506 1901 doctrinarum
545 1859 677 1902 cultus
721 1872 761 1918 el,
788 1859 961 1901 Graecia
999 1872 1040 1900 et
1068 1860 1190 1901 Latio
1222 1861 1368 1916 migra-

231 1953 370 1991 verat,
401 1943 644 1996 miseraeque
677 1942 817 1984 locum
855 1943 1088 1996 permiserat
1130 1943 1364 1994 barbariae,

233 2024 419 2077 eumdem
447 2024 624 2065 exsulem
654 2025 703 2066 ad
729 2026 768 2067 se
809 2025 1056 2068 advocarunt
1097 2025 1251 2067 Arabes
1269 2056 1281 2076 ,
1325 2038 1367 2070 et

234 2118 309 2159 per
337 2107 513 2159 quinque
543 2107 734 2161 deinceps
765 2107 899 2148 secula
942 2109 994 2150 fic
1037 2119 1275 2159 tenuerunt,
1320 2120 1365 2151 ut

234 2187 336 2231 nihil
366 2189 490 2246 magis
515 2190 556 2231 in
583 2188 698 2234 laude
721 2201 978 2246 reputarent,
1010 2191 1080 2234 nisi
1106 2191 1147 2232 id
1164 2222 1178 2242 ,
1209 2193 1249 2234 in
1279 2204 1365 2251 quo

1238 2274 1362 2316 maxi-
