1519 2729
741 210 995 267 (114)

369 348 534 392 Etenim
574 349 606 392 I.
647 349 718 404 Jus
757 350 923 404 proprie
967 349 1119 390 dictum
1147 360 1228 390 non
1257 350 1438 404 cogitari

309 432 448 475 potest
476 422 546 463 nifi
573 420 622 461 de
650 419 882 474 hominibus
899 449 912 468 ‚
939 431 1022 459 non
1051 420 1091 459 in
1131 418 1346 460 solitudine
1370 421 1431 459 vi-

309 491 522 532 ventibus:
579 501 620 531 at
673 490 803 531 officia
858 488 1040 543 perfecta
1075 484 1261 543 socialia
1311 488 1428 529 dixit.

308 560 519 601 Pestel.
548 561 573 613 ς
605 561 692 614 348
722 560 834 612 seqq.

365 630 419 671 11.
450 629 583 671 Notio
607 630 706 683 juris
734 629 829 669 duas
859 627 1170 680 comprehendit
1186 628 1397 669 facultates
1414 658 1429 678 ,

315 700 380 740 1⁰.
417 698 639 751 repellendi
668 697 884 750 impulsum
912 696 1116 746 alienum,
1158 698 1224 737 cui
1265 696 1430 751 respon-

311 768 379 809 det
409 767 582 808 officium
611 766 865 821 perfectum,
901 765 1039 806 alienis
1056 764 1094 806 se
1110 765 1358 814 abstinendi,
1390 777 1432 806 et

309 838 379 879 2⁰.
422 835 597 892 cogendi
635 834 737 876 alios
765 834 863 876 stare
893 837 1023 888 pactis
1057 835 1252 876 consensu
1294 836 1430 885 initis,

310 907 376 947 cui
425 918 474 946 ex
515 904 679 946 adverso
726 905 918 946 convenit
962 905 1136 946 officium
1176 904 1430 959 perfectum,

309 988 392 1016 non
421 974 680 1029 aggrediendi
712 974 804 1028 jus,
832 984 956 1027 pacto
985 972 1216 1014 translatum
1249 973 1274 1027 <
1281 973 1344 1026 1).

371 1045 445 1086 III.
489 1045 601 1100 Quas
639 1043 764 1085 modo
804 1042 1034 1084 tradidimus
1078 1044 1302 1085 officiorum
1338 1055 1429 1098 per-

309 1115 511 1157 fectorum
539 1115 683 1165 dotes,
727 1113 818 1155 illae
849 1114 888 1153 in
912 1113 1000 1168 jure
1041 1114 1296 1156 inveniuntur
1347 1115 1430 1166 pri-³

308 1186 469 1226 mariae,

365 1252 668 1306 Complectitur
701 1253 807 1292 enim
835 1252 902 1305 jus
940 1251 1130 1293 strictiori
1172 1251 1430 1308 fignificatio-

309 1335 360 1365 ne
392 1321 501 1378 (2),
539 1336 573 1363 1.
605 1320 722 1375 posse
753 1321 943 1374 quidemn
990 1322 1056 1362 sed
1082 1322 1193 1362 nolle
1232 1334 1310 1362 nos
1344 1322 1428 1376 pri-

307 1395 392 1434 vari
420 1405 504 1434 uno
532 1393 581 1434 de
610 1403 782 1445 quatuor
810 1390 929 1431 bonis
958 1391 1072 1444 supra
1110 1392 1356 1438 memoratis.
1386 1413 1432 1424 -
1513 1378 1519 1477 l

309 1461 353 1503 Si
395 1461 594 1509 velimus,
639 1461 853 1502 certisfime
886 1461 957 1513 ipfi
989 1461 1036 1500 de
1080 1472 1215 1501 nostra
1243 1460 1430 1501 libertate

307 1530 461 1585 aliquid
501 1530 704 1583 deponere
741 1530 952 1582 possumus
982 1527 1091 1583 (3),
1132 1528 1286 1570 nolenti
1329 1541 1429 1570 vero

305 1614 389 1642 non
420 1601 638 1642 detrahitur
665 1602 743 1643 fine
772 1600 944 1654 injuria,
986 1625 1022 1634 -
1063 1612 1137 1639 nec
1180 1599 1286 1639 bona
1315 1611 1427 1639 mens
1505 1609 1509 1630 ⁴

306 1670 530 1720 laedentis,
560 1683 652 1711 vera
691 1670 737 1711 fit
764 1682 812 1710 an
858 1669 973 1717 ficta,
1020 1668 1202 1710 laesionis
1244 1670 1428 1724 injuriam
1503 1682 1510 1713 ,ψ

306 1739 541 1793 compensat
573 1737 667 1793 (4).
729 1753 767 1780 2.
800 1737 990 1790 Sequitur
1016 1751 1065 1778 ex
1088 1739 1176 1792 jure
1196 1740 1361 1791 proprie
1374 1738 1427 1780 fic
1499 1758 1507 1776 u

308 1809 422 1851 dicto
452 1806 694 1864 (perfecto)
711 1839 723 1859 ‚
752 1808 854 1851 alios
870 1808 1054 1849 homines
1081 1807 1128 1849 ad
1157 1807 1198 1851 id
1222 1807 1428 1864 obligatos

921 1907 939 1917 ⁴
1365 1890 1426 1921 es-

351 1956 416 2002 (1)
440 1959 458 2002 §
484 1965 559 2000 357·
584 1955 683 1992 Conf-
709 1956 727 2000 §
756 1958 830 1999 163-

350 2012 414 2058 (2)
441 2014 499 2047 Pe
515 2023 591 2047 ste
609 2014 630 2048 l.
659 2014 761 2049 Fund.
783 2013 815 2050 J.
843 2012 891 2046 N.
916 2011 1006 2047 Edit.
1032 2013 1091 2047 ΙΠ.
1119 2021 1214 2057 1777.
1239 2012 1258 2055 §
1283 2013 1360 2047 262.

352 2068 414 2114 (3)
440 2071 544 2104 Immo
573 2069 697 2113 saepius
730 2070 833 2111 magni
861 2071 954 2103 animi
991 2079 1040 2103 est
1064 2068 1244 2108 iudicium,
1275 2057 1427 2104 oblivisci

305 2124 434 2168 injurias
465 2124 638 2168 damnique
680 2126 919 2168 reparationem
953 2134 1017 2158 non
1058 2126 1221 2168 persequi.
1245 2127 1263 2169 §
1291 2125 1363 2167 165.
1391 2135 1425 2168 p.

304 2192 381 2226 27¹·
406 2179 468 2215 Ed.
493 2181 534 2214 V.
558 2181 655 2215 Conf.
680 2183 698 2225 §
721 2191 801 2227 437.

350 2235 415 2282 (4)
438 2239 536 2273 Conf·
563 2236 580 2281 §
605 2238 681 2279 383·
