1519 2729
589 143 815 208 (77)

127 291 310 342 constatg
357 291 569 346 cognitum
610 291 717 329 enim
759 298 848 337 est,
895 284 1015 327 fluida
1066 275 1258 330 elastica',

129 362 304 405 diversae
330 363 448 402 etiam
480 359 710 408 densitatis,
742 360 845 399 inter
874 356 912 396 se
940 353 1114 395 misceri.

186 432 318 474 Recte
356 430 663 475 animadvertit,
706 438 782 466 nos
818 425 983 480 frigoris
1010 422 1160 464 limites
1199 419 1259 473 ig-

128 515 299 551 norare,
361 500 428 541 sed
478 497 662 552 objectio
705 509 727 536 a
769 494 1043 535 dissolutionis
1081 489 1263 532 theoriae

133 560 400 614 sectatoribus
431 582 480 609 ex
506 568 659 623 frigore
685 566 832 618 petita,
863 577 947 617 quo
970 560 1144 615 hyemali
1160 570 1263 599 tem-

130 655 260 698 pore,
291 641 437 682 caloris
463 640 652 682 actione,
694 646 864 686 vapores
895 644 1000 674 tanta
1040 630 1263 685 quantitate

133 713 230 754 oriri
264 711 505 763 nequirent,
538 706 696 748 facilius
725 703 931 744 refutanda
959 702 1057 742 mihi
1091 700 1263 741 videtur.

134 781 248 823 Haec
273 781 378 820 enim
395 809 407 826 ,
440 779 465 819 fi
489 788 576 825 est,
608 772 818 815 difficultas
846 770 1121 812 dissolutionis
1149 770 1267 809 theo·

135 850 217 891 riae
256 849 376 888 etiam
430 847 622 888 inhaeret.
695 842 916 883 Posuerunt
965 853 1104 881 omnes
1148 840 1267 892 hujus

135 919 314 960 theoriae
361 915 605 964 sectatores,
650 913 936 965 evaporatione
973 909 1100 964 frigus
1140 910 1268 957 oriri,

135 989 178 1030 id
217 998 278 1028 est
314 998 486 1039 vapores
521 984 743 1025 caloricum
788 980 1003 1021 absorbere
1031 992 1053 1019 a
1082 978 1269 1030 corpori-

135 1059 212 1100 bus
246 1055 655 1110 circumjacentibus,
700 1053 761 1093 uti
794 1052 913 1090 etiarn
940 1062 992 1089 ex
1019 1048 1269 1089 observatio-

136 1142 187 1170 ne
216 1140 356 1186 patere,
398 1126 424 1167 s1
465 1138 595 1167 autem
637 1123 859 1165 calorieum
897 1106 1115 1160 absorbent
1138 1130 1266 1171 vapo-

137 1212 228 1246 res,
261 1198 439 1251 sequitur
465 1197 546 1236 hoc
573 1194 734 1235 necesse
760 1190 867 1240 esse,
913 1191 939 1231 fi
966 1198 1049 1230 non
1088 1189 1138 1230 ad
1177 1187 1271 1228 illo-

137 1282 226 1311 rum
253 1253 566 1315 formationem,
612 1275 745 1304 tamen
782 1261 832 1302 ad
857 1260 1021 1302 illorum
1063 1260 1272 1300 existenti-

136 1353 231 1391 am,
278 1340 376 1380 haec
412 1350 510 1377 vero
550 1334 787 1383 absorbtiO,
832 1344 877 1373 ut
914 1333 1033 1371 etiam
1070 1340 1271 1383 vaporum

137 1411 353 1464 quantitati
400 1398 720 1462 proportionalis
764 1404 808 1445 fit
846 1412 1040 1455 oportet,
1087 1401 1112 1441 fi
1149 1401 1274 1453 igitur

139 1480 289 1523 caloris
316 1478 538 1520 differentia
566 1477 749 1518 aestatem
772 1474 875 1513 inter
896 1485 942 1512 ac
969 1472 1141 1522 hyemen
1169 1480 1278 1509 tanta

139 1561 229 1599 est,
271 1560 344 1598 ut,
377 1549 457 1590 hoc
487 1542 600 1590 omni
627 1556 842 1598 ternpore,
887 1555 937 1583 ex
964 1540 1034 1582 Cl.
1072 1540 1122 1580 de
1145 1538 1275 1579 ,Luc

143 1620 326 1670 theoria,
370 1621 468 1660 tanti
506 1630 678 1671 vapores
723 1616 820 1656 oriri
875 1621 1106 1665 nequeant,
1152 1621 1277 1662 quau-

145 1701 208 1731 tos
231 1692 405 1731 orientes
436 1689 722 1736 observamus,
755 1697 805 1725 ex
836 1673 1112 1724 dissolutionis
1156 1680 1278 1718 etiam

145 1761 302 1802 theoria
329 1761 425 1800 oriri
466 1769 672 1812 nequeunt
709 1756 808 1797 tanti
845 1764 1045 1806 vaporeS,
1090 1761 1182 1790 cum
1211 1761 1279 1788 ca-

144 1829 267 1871 lorici
308 1842 354 1869 ea
397 1829 492 1870 defit
514 1830 742 1883 quantitas,
784 1835 905 1878 quam
937 1821 1114 1862 orientes
1140 1817 1280 1859 absor-

146 1900 242 1940 bere
270 1898 433 1939 debent.

201 1967 320 2024 Quae
343 1968 542 2022 positione
573 1969 614 2019 4·
638 1966 791 2008 directe
823 1938 964 2005 contra
1001 1957 1284 2002 dissolutionis

1163 2028 1297 2070 theo-.

145 2128 315 2171 hamleling
336 2126 402 2161 aian
422 2128 482 2162 dm
510 2125 596 2161 lleer
611 2125 654 2161 H.
684 2124 725 2161 C.
755 2132 776 2157 v
786 2131 803 2155 a
812 2131 834 2155 n
859 2119 880 2154 d
892 2128 910 2155 e
920 2128 936 2154 r
959 2119 987 2156 B
996 2128 1017 2153 ο
1027 2127 1076 2153 on
1085 2137 1101 2147 ο
1110 2118 1152 2153 M
1160 2128 1177 2152 e
1185 2129 1201 2154 s
1212 2110 1281 2163 eh,
1312 2118 1314 2121 '

146 2195 220 2221 cuz.
247 2194 320 2229 pag.
348 2195 404 2219 22.
