1519 2729
516 140 549 198 (
589 154 687 199 ¹27'3.
742 137 772 196 )

78 280 270 324 civitates
293 279 527 322 ordinandas
555 292 597 321 et
624 276 951 322 administrandas
966 307 980 327 ‚
998 277 1056 331 fin
1074 278 1203 331 genti-

79 363 159 392 um¹
186 351 350 405 negotia
377 361 455 391 tam
485 348 583 390 belli
613 362 731 404 quam
756 351 868 402 pacis
900 358 1082 401 tempore
1099 377 1112 393 ,
1143 358 1204 386 re·

77 419 367 469 dundaverint,
397 431 479 460 non
511 432 613 473 opus
642 432 731 467 est,
761 430 806 460 ut
836 418 1042 466 dicamus,
1073 427 1205 469 neque

78 501 124 530 ut
152 489 407 543 probemus,
430 490 595 531 instituti
624 492 727 532 ratio
754 490 869 538 finit,
900 487 998 528 licet
1027 486 1206 540 dignissi-

76 572 187 601 mum
216 559 323 601 foret
345 572 653 615 argumentum,
685 559 734 600 de
760 571 843 612 quo
861 568 1115 610 *exponerent
1143 557 1204 597 vi-

76 631 138 679 ri,
177 631 368 685 ingenio,
414 631 599 672 doctrina
626 641 667 670 et
690 626 1101 680 rerum-publicarum
1131 626 1204 667 usu

74 701 336 742 excellentes.
383 701 496 744 Gro
512 714 526 742 t
543 703 590 742 ia
605 713 630 741 n
646 713 668 740 a
683 713 704 740 e
734 699 915 741 rationis
931 695 1204 750 praestantiam

73 772 194 812 etiam
237 771 458 824 probarunt
497 770 567 811 illa
607 780 820 823 tempora,
863 767 1011 820 quibus
1055 766 1202 806 iterum

73 840 190 882 Gro
206 841 277 880 tii
305 841 475 894 vestigia
502 839 751 893 reliquerunt
767 869 781 888 ,
827 840 896 892 qui
927 837 976 878 de
1001 836 1204 891 jurispru⁴

72 909 208 950 dentia
234 900 403 951 naturali
428 909 670 963 scripserunt
698 921 906 956 auctoreS,
938 908 1009 949 fibi
1031 906 1204 960 quidem

71 979 234 1029 affines,
279 991 301 1020 a
344 978 383 1019 se
424 990 559 1020 tamen
598 979 771 1021 diversas
801 979 1011 1020 doctrinas
1032 976 1206 1018 morales

72 1049 384 1091 confundentes.

129 1119 282 1161 Valuit
306 1131 512 1173 praeterea
554 1118 696 1167 divisio
715 1140 717 1147 ι
738 1118 808 1160 illa
837 1117 1006 1160 mirifice
1033 1117 1083 1159 ad
1109 1129 1205 1158 acu*

71 1188 174 1230 enda
209 1189 457 1230 eruditorum
503 1190 675 1244 ingenia.
749 1187 897 1230 Multis
932 1188 1040 1228 'enim
1070 1186 1206 1241 philo-

72 1259 210 1312 sophis
254 1260 329 1301 hac
370 1259 419 1314 de
444 1272 486 1299 re
513 1258 868 1308 dissentientibus,
911 1269 959 1299 et.
973 1257 1062 1298 aliis
1090 1255 1208 1297 aliter

72 1327 122 1368 de
161 1340 209 1368 ea
242 1327 533 1379 statuentibus,
579 1327 670 1369 lites
707 1328 817 1382 ipsae
852 1328 1026 1368 maxima
1048 1327 1204 1377 animno

71 1409 160 1438 rum
190 1400 452 1438 contentione
479 1398 678 1451 agitatae,
708 1397 809 1438 nihil
837 1398 926 1438 no‘n'
961 1395 1202 1446 definitum,

71 1465 273 1508 limatum¹
297 1479 338 1508 et
371 1469 531 1508 noviter
569 1479 773 1521 repertum
798 1478 923 1520 atque·
948 1465 1207 1508 enucleatum

70 1549 327 1590 pepererunt.
398 1537 507 1579 Cum
547 1538 655 1578 enirn
697 1548 739 1577 et
769 1536 820 1578 ad
840 1536 1207 1591 Jurispmdentiam

69 1606 290 1648 naturalem
333 1607 564 1649 referretur.
590 1606 659 1650 illa
681 1608 822 1649 divifio
849 1607 970 1648 etad
996 1607 1205 1658 ethicam,

71 1676 223 1718 factum
265 1690 316 1718 eo
344 1677 450 1727 fuit,
492 1690 734 1736 utnutraque
763 1677 979 1730 disciplina
1004 1688 1086 1717 non
1116 1687 1203 1716 tan·

71 1758 157 1788 tum
194 1750 424 1789 ‘accuratius
471 1760 514 1789 et
552 1750 714 1791 uberius
755 1754 1018 1799 tractaretur,
1062 1745 1201 1787 verum

71 1819 192 1857 etiam
218 1829 289 1868 ut,
331 1817 463 1871 quale
494 1819 596 1859 inter
632 1830 843 1871 utramque
872 1815 1094 1858 Intercedat
1115 1816 1206 1856 vin-

72 1886 238 1936 culum,
289 1887 526 1941 diligentius
572 1888 696 1930 fuerit
751 1889 1036 1967 investigatum
1082 1897 1206 1939 atque

73 1954 347 1997 constitutum.

131 2024 307 2066 Omnem
351 2027 503 2079 itaque
523 2026 767 2077 utilitatem,
811 2039 930 2081 qua-m
958 2026 1107 2068 habent
1131 2037 1208 2066 eo·-v

10 2102 12 2104 ’
75 2107 162 2136 rum
191 2094 341 2144 studia,
374 2098 442 2149 qui
468 2096 713 2151 disciplinae>
733 2096 913 2152 alicujus¹
930 2109 1065 2150 partes
1089 2109 1110 2136 a
1133 2096 1170 2136 se
1187 2107 1207 2144 ,¹

76 2166 252 2207 invicem
279 2166 362 2210 rite
396 2166 577 2220 separare
607 2177 803 2208 conantur
833 2177 887 2215 et.
904 2166 1068 2222 fingulis
1093 2167 1206 2208 suum

603 2237 630 2280 S
664 2250 688 2278 2
1141 2234 1205 2275 lo-
