1519 2729
671 163 699 218 C
764 162 924 221 174)

283 305 389 348 Illud
430 317 526 346 vero
556 305 597 343 τὸ
626 302 837 355 ἣη]ιη·,;ε)’ς
863 301 953 356 lege
977 301 1175 357 justitiae,
1221 312 1262 342 et
1291 313 1341 342 cx

226 375 377 418 summa
414 374 503 428 lege
544 385 733 422 naturae3
782 373 924 427 (quam
964 385 1004 413 ct
1038 373 1229 412 bonitatis
1258 383 1341 411 non

221 446 325 486 male
352 442 528 494 dixeris)
555 441 705 484 derivat
729 439 823 495 (1).
846 468 848 471 s
883 441 977 485 Hoc
999 440 1099 497 sue,
1145 443 1342 496 cujusque

221 516 287 571 jus
317 527 502 568 tanquam
529 513 788 554 fundamento
830 515 998 563 nititur3
1045 515 1187 555 eodem
1219 514 1339 553 etiam

220 587 363 627 nititur
414 585 648 625 officiorum
672 582 947 634 perfectorum
999 585 1049 623 ab
1093 583 1344 637 imperfectis

222 656 450 697 discrimen.
511 652 587 692 Per
612 651 829 704 legitimam
870 653 1005 704 itaque
1041 653 1351 693 conclufionem·
1399 649 1401 652 ’

222 738 274 766 eo
301 725 509 777 pervenire
540 722 667 769 licet,
697 730 741 759 ut
767 731 895 760 totum
920 722 1012 775 jus,
1045 734 1176 763 totum
1199 723 1344 762 discri-

222 806 315 835 men
351 795 455 834 inter
494 792 620 833 officia
645 788 824 842 perfecta
852 802 893 831 et
934 792 1171 844 imperfecta
1205 792 1345 834 secun-

221 866 316 905 dum
348 863 381 904 F
399 877 420 903 e
437 863 570 903 deru
588 872 739 910 m‚,ex
765 860 855 915 lege
879 862 1049 914 justitiae
1081 874 1121 902 et
1149 862 1345 902 bonitatis

221 934 463 981 descendere
494 931 617 971 dicas.
682 928 780 969 Non
807 933 941 983 itaque
966 944 988 971 e
1015 944 1140 985 pacto
1167 931 1344 985 quodam

220 1003 432 1045 universali
449 1001 550 1042 illud
561 1001 626 1054 jus
652 999 819 1040 dominii
840 999 991 1040 derivat
1006 1031 1019 1049 ,
1046 1003 1274 1055 iterumque
1296 999 1346 1039 ad

219 1074 338 1115 aliam
360 1072 492 1126 legem
509 1100 522 1119 ‚
553 1082 632 1122 qua
658 1076 778 1122 pacta
805 1070 955 1110 intacte
999 1069 1186 1110 servanda
1225 1081 1343 1121 prae-

222 1145 431 1190 dicantur,
473 1141 561 1193 ipfi‘
586 1137 902 1192 confugiendum
944 1152 1033 1189 est3
1080 1140 1167 1191 ipso
1209 1139 1342 1181 officio

220 1213 408 1268 perfecto
433 1211 621 1264 jubemur
647 1208 696 1246 ab
739 1208 873 1268 alieno
903 1222 978 1249 nos
1018 1209 1243 1258 abstinere,
1271 1220 1343 1248 ex·

222 1294 346 1337 cepto
392 1292 522 1322 tamen
564 1278 737 1318 summae
789 1269 1036 1320 'necessitatis
1089 1278 1210 1328 casut,
1268 1278 1345 1317 im-

221 1353 409 1407 perfecto
445 1361 543 1390 vero
584 1348 716 1390 officio
757 1347 919 1390 alterius
947 1348 1245 1404 perfectionem
1274 1359 1344 1387 au-

222 1435 331 1477 gere.

286 1492 347 1532 1⁰.
380 1490 422 1531 Si
442 1500 539 1528 vero
555 1499 603 1526 an
632 1486 882 1536 dominium,
913 1487 1011 1527 licet
1038 1500 1087 1527 ex
1116 1487 1206 1540 lege
1230 1485 1341 1540 justi-

224 1564 302 1604 tiae
355 1572 395 1601 et
436 1558 628 1600 bonitatis
671 1557 897 1606 derivetur,
943 1558 1035 1598 satis
1072 1556 1251 1609 amplum
1303 1568 1343 1596 et

1247 1637 1346 1666 cou-

271 1717 334 1764 (Ι)
357 1716 453 1751 Unde
481 1714 658 1749 dominium
673 1737 684 1753 ,
706 1711 786 1745 illud
801 1706 836 1742 τὶ
860 1712 970 1753 suum,
994 1710 1192 1751 descendat,
1216 1710 1259 1744 ita
1272 1710 1349 1744 fere

227 1776 371 1810 declarat
401 1782 536 1808 auctor:
569 1769 767 1811 Grunayi'itze
788 1770 841 1802 des
863 1763 1096 1808 Misus-recha,
1133 1778 1167 1810 p.
1205 1769 1256 1802 16.
1318 1767 1348 1800 Si

227 1842 281 1865 res
309 1831 392 1872 sint,
416 1839 550 1872 quarum
574 1828 691 1860 numus
721 1836 771 1860 cst
799 1826 995 1867 dominium,
1033 1826 1088 1859 lex
1116 1823 1254 1866 justitiae
1277 1824 1349 1866 uui-

210 1890 357 1922 'veribus
382 1898 445 1920 non
469 1885 626 1930 prohibet
650 1883 822 1925 quominus
839 1908 849 1924 ,
886 1883 1009 1926 primus
1038 1890 1203 1924 occupans
1235 1881 1349 1914 exclu-

228 1947 330 1979 sivum
361 1945 474 1977 harum
509 1952 620 1976 rerum
661 1942 753 1974 usum
792 1940 849 1974 fibi
876 1941 986 1973 stimat.
1043 1939 1190 1971 Summae
1221 1936 1351 1980 insuper

228 2001 306 2043 jusu
333 2001 459 2033 notioni
488 1995 666 2038 convenit,
690 2005 727 2030 ut
752 1998 798 2037 is,
831 1997 888 2039 qni
912 1995 1024 2028 harum
1049 2004 1158 2028 rerum
1184 1994 1351 2027 nonnullas

229 2057 260 2089 in
289 2056 378 2089 suum
398 2057 598 2099 peculiarem
613 2054 701 2088 ustnn
724 2054 890 2092 adhibuit,
928 2055 959 2085 in
977 2054 1041 2085 hoc
1061 2052 1118 2085 usu
1145 2061 1210 2084 non
1238 2050 1352 2084 turbe-

230 2122 305 2153 tur,
344 2123 418 2154 quia
441 2112 506 2146 fine
530 2112 604 2154 jure
626 2111 760 2144 dominii
783 2111 925 2153 optimus
949 2117 1047 2151 atque
1081 2116 1244 2149 congruus
1278 2106 1352 2139 usus

229 2171 391 2202 'umorum
427 2177 638 2202 externorum
673 2168 758 2201 inter
801 2167 951 2200 homines
984 2166 1093 2199 locum
1137 2163 1259 2197 habere
1294 2164 1350 2195 vix

229 2234 353 2271 potest.
