1519 2729
732 117 952 172 (70)

278 260 428 304 potest.
489 249 695 292 Structura
724 255 827 294 enim
858 254 1254 302 Nematoi'dem‘mn,
1300 255 1397 297 licet

281 321 457 360 omnIum
487 321 798 373 perfectissima,
837 325 890 364 ita
919 319 1084 377 fim'plex
1119 335 1203 371 est,
1246 335 1290 364 ut
1331 339 1396 366 ca-

277 388 378 428 nalis
406 390 546 430 unicus
574 390 898 433 membranaceus
928 404 1057 433 totum
1085 393 1297 434 constituat
1312 396 1398 434 ani-

278 457 370 498 mal.
430 457 542 512 Quid
570 459 817 512 simplicius?
849 461 1010 516 Corpus
1038 475 1215 503 nostrum
1246 464 1399 517 ubique

278 529 440 568 materia
492 530 653 572 mucosa
704 531 928 581 abundare,
977 545 1025 572 ex
1067 531 1175 571 illius
1214 532 1398 585 inspectu

278 597 457 647 constat,
491 599 560 638 ubi
590 598 687 638 haec
709 600 850 649 adest,
882 613 1036 640 vermes
1062 602 1156 640 oriri
1185 601 1397 654 videmus,

277 668 347 707 ubi
388 668 585 717 abundat,
631 668 714 708 fere
760 682 960 722 nunquam
1000 670 1201 710 vermibus
1244 670 1400 713 destitui

278 738 548 778 observamus,
611 738 678 779 Sic
707 741 746 779 in
791 751 919 780 tractu
961 739 1206 789 intestinali,
1250 740 1319 781 ubi
1349 741 1398 782 ab

277 807 430 855 acinis,
464 807 569 847 hunc
601 820 769 849 tractum
787 808 1128 859 obvestientibus,
1173 809 1398 864 separatur,

277 888 300 915 a
322 875 519 930 glandulis
544 877 770 918 salivalibus
800 878 992 919 secretum
1029 892 1101 932 per
1129 879 1400 934 oesophagum

280 946 321 985 in
347 945 614 986 ventriculum
644 947 802 989 ducitur
829 947 997 989 multum
1026 950 1163 999 muci,
1207 949 1400 990 facillime

280 1027 433 1055 vermes
462 1017 656 1056 oriuntur.
687 1032 730 1041 -
761 1018 829 1058 Sic
861 1032 1024 1072 quoque
1053 1018 1206 1060 nullum
1236 1019 1400 1060 dubium

279 1086 485 1138 superest,
531 1088 627 1138 quin
667 1087 706 1126 in
749 1087 881 1129 foetus
926 1090 1152 1138 intestinis,
1209 1089 1400 1129 meconio

283 1156 471 1196 obductis
497 1168 652 1201 vermes
686 1158 781 1197 oriri
810 1160 986 1211 possint,
1031 1159 1084 1198 ita
1120 1159 1238 1198 etiam
1269 1158 1310 1197 in
1342 1159 1401 1197 in-

279 1225 455 1266 fantibus
496 1225 764 1277 lactantibus,
807 1228 1038 1269 hominibus
1076 1227 1192 1282 gulae
1235 1227 1400 1277 deditis,

278 1295 460 1348 aliisque.

336 1354 451 1421 Quae
478 1378 609 1408 autem
634 1367 706 1408 sint
736 1367 873 1408 causae
907 1368 1219 1425 coadjuvantes,
1252 1367 1400 1420 quibus

279 1448 419 1476 mucus
450 1435 735 1490 degeneratur,
778 1439 833 1478 ita
863 1449 906 1478 ut
932 1449 1047 1490 aptus
1077 1438 1143 1478 fiat
1167 1438 1216 1478 ad
1246 1450 1400 1478 vermes

278 1505 588 1557 producendos,
621 1505 712 1545 dein
748 1507 1000 1556 videbimus,
1034 1508 1100 1548 hic
1130 1519 1281 1548 tantum
1312 1519 1399 1546 mo-

278 1573 408 1613 nuisse
430 1574 619 1624 sufficiat,
652 1574 719 1615 Cl.
752 1575 1097 1617 Bremserum
1128 1576 1399 1626 contendere,

278 1655 328 1683 cx
356 1644 457 1684 cibis
486 1645 733 1698 potibusque
750 1647 939 1700 majorem
958 1649 1209 1701 vegetatione
1225 1647 1394 1701 quadam

278 1714 449 1765 produci
466 1714 680 1756 fluidorum
696 1716 984 1770 quantitatem,
1016 1729 1133 1769 quam
1150 1717 1237 1757 vasa
1263 1717 1398 1758 absor-

278 1783 412 1823 bentia
425 1784 638 1825 absorbere
654 1785 843 1839 possunt,
868 1798 908 1826 et
924 1786 1024 1827 hanc
1039 1788 1241 1827 materiam
1258 1817 1271 1837 ,
1303 1787 1397 1827 dum

277 1853 480 1906 paulisper
508 1855 565 1895 ibi
593 1855 775 1906 haereat,
819 1868 974 1896 vermes
1009 1856 1245 1909 producere.
1320 1855 1400 1897 Sed

277 1936 553 1977 praeterquam
575 1927 685 1978 quod
706 1938 817 1967 extra
841 1938 1008 1967 tractum
1035 1926 1299 1968 intestinalem
1315 1957 1327 1976 ,
1359 1928 1398 1966 in

278 2007 359 2045 quo
382 1995 454 2036 hac
482 1996 635 2035 ratione
660 1997 937 2037 tantummodo
953 1996 1178 2049 explicatur
1195 1999 1311 2052 origo
1329 2009 1398 2036 eo-

279 2078 390 2112 rum,
423 2068 540 2105 ctiam
571 2068 776 2117 oriantur,
807 2067 986 2107 videmus
1018 2067 1199 2106 homines
1229 2067 1398 2106 inediam

276 2136 471 2186 patientes
499 2149 593 2188 prae
623 2136 702 2177 illis
719 2168 731 2188 ,
767 2139 836 2192 qui
853 2137 991 2180 coenis
1004 2147 1121 2191 atque
1142 2137 1258 2192 gulae
1275 2135 1405 2177 dediti.

1288 2205 1396 2253 suut,
