1519 2729
576 201 601 255 <
648 185 736 255 '141
801 200 828 254 >

664 338 703 393 ς.
736 338 769 381 1.

182 475 580 533 Animadversiones
610 476 658 518 de
683 476 870 533 finibus,
909 478 954 520 in
984 486 1150 520 natura
1181 476 1256 518 ad-

456 545 686 603 spectabili
716 547 983 603 quaerendis.

213 687 387 730 Omnem
417 699 596 728 naturam
626 689 852 741 pertinere,
879 689 1022 740 partim
1050 687 1098 728 ad
1126 686 1285 739 organi-

156 772 231 808 ca,
277 760 419 812 partim
461 758 510 798 ad
538 771 612 807 ea,
651 771 752 811 quae
789 760 947 812 organis
990 769 1071 797 non
1110 756 1289 810 praedita

157 829 274 877 sunt,
306 840 420 868 antea
440 830 519 868 iam
540 827 740 876 diximus·
774 826 852 879 (1)
885 826 1121 879 plerumque
1139 827 1191 866 ufi
1211 825 1289 864 fui-

157 911 245 938 mus
261 898 481 950 exemplis
513 909 534 936 e
565 908 701 937 natura
721 897 883 949 organis
911 897 1089 948 praedita
1120 896 1288 942 sumtis,

158 970 249 1021 quia
272 969 311 1007 in
340 967 402 1006 his
430 968 585 1018 optime
612 964 847 1016 conspicere
872 967 990 1005 nobis
1029 965 1126 1006 licet
1144 997 1156 1013 ‚
1203 977 1290 1018 quat

158 1038 331 1078 ratione
361 1036 458 1089 quid
488 1036 536 1076 ad
565 1035 739 1103 aliquem
783 1033 900 1073 finem
931 1034 1011 1087 (2)
1044 1035 1207 1082 tendat,
1251 1044 1293 1073 et

159 1120 353 1161 quaenam
384 1106 476 1146 inde
505 1105 553 1146 ad
579 1118 654 1145 nos
683 1103 1057 1144 redundetutilitas.
1120 1103 1210 1144 Nec
1235 1115 1292 1142 ta-

161 1187 252 1217 men
291 1188 508 1228 propterea
550 1187 727 1215 naturam
758 1175 1031 1227 inorganicam
1060 1171 1140 1227 (3)
1174 1174 1293 1226 plane
1341 1195 1344 1199 ·

159 1243 443 1299 negligendam
487 1244 571 1285 esse
611 1257 740 1298 puto:
792 1246 1124 1285 coniunctionem
1155 1245 1323 1290 enim„

161 1327 206 1355 ut
238 1315 316 1355 hoc
345 1329 460 1363 usar,
504 1318 636 1357 aetem
667 1317 770 1354 inter
799 1326 839 1353 et
866 1314 1093 1362 hominem,
1139 1326 1214 1353 nos
1245 1311 1294 1352 ad

163 1384 282 1425 finem
312 1385 457 1426 ducere
483 1386 588 1426 haud
619 1384 739 1426 facile
756 1396 942 1437 negarem
959 1413 971 1430 .,
1001 1395 1091 1423 cum
1107 1384 1292 1430 audiam,

156 1450 250 1494 veam
292 1468 366 1494 nos
406 1467 587 1507 premere
639 1454 842 1508 gravitatis
881 1453 1172 1504 quantitatem,
1216 1465 1295 1504 qua

166 1523 286 1564 facile
316 1524 602 1570 s‚ustentemur
636 1525 827 1563 maiorem
843 1532 973 1562 autem
997 1522 1151 1561 homini
1169 1521 1294 1561 mole-

166 1592 258 1632 stam
289 1606 370 1632 non
403 1594 526 1634 modo
554 1593 670 1642 fore,
705 1592 771 1633 sed
801 1604 841 1632 et
871 1591 1153 1644 perniciosam.

226 1662 439 1703 Prudentia
469 1675 597 1703 tamen
620 1675 723 1716 opus
745 1673 834 1710 est,
878 1673 928 1700 ne
967 1660 1190 1713 quamlibet
1219 1662 1296 1700 uti-

170 1731 323 1773 litatem
352 1745 427 1785 pro
458 1733 535 1773 fine
566 1735 805 1779 habeamus,
848 1744 915 1771 aut
943 1731 1153 1771 fortuitum
1184 1730 1297 1770 usum

175 1802 343 1844 consilio
368 1803 650 1845 adscribamus.
681 1800 762 1855 (4)
823 1800 957 1855 Quam
990 1801 1296 1853 imprudentiam

740 1863 743 1868 ⁵
1250 1871 1301 1910 ri-

219 1950 397 1996 (1)P.1.
422 1953 453 1988 S.
478 1955 503 1988 1.
528 1955 559 1998 §.
587 1965 615 1989 1.

218 2007 729 2053 (2)Pisteuon‚s.288.
1287 2039 1290 2042 Δ

219 2062 282 2107 (3)
322 2064 533 2098 Kantius
569 2067 720 2106 negavit,
750 2064 856 2106 fines,
893 2066 922 2098 in
947 2075 1056 2099 natura
1087 2066 1212 2107 organis
1240 2076 1304 2099 non

174 2121 321 2167 praedita
336 2146 346 2160 ,
373 2121 589 2160 observandos
607 2125 672 2157 esse
696 2124 726 2155 in
743 2123 831 2155 usum
848 2122 1096 2165 telcologicum.
1129 2121 1205 2156 vid.
1219 2123 1306 2158 Krit-

180 2179 236 2213 der
264 2176 359 2212 Urth.
384 2176 407 2211 s.
432 2177 505 2212 281.
535 2179 608 2222 284.

223 2232 288 2280 (4)
314 2234 494 2277 l’aley,
519 2242 542 2269 t.
565 2245 594 2270 a.
617 2247 651 2280 p.
676 2235 722 2271 bl.
745 2245 801 2279 90.
