1519 2729
725 179 954 239 (¹8)

257 334 361 378 quae
401 321 588 377 religioni
645 321 1002 363 Mohammedicae
1044 320 1090 362 fit
1131 318 1182 361 ad
1218 319 1389 363 studium

257 407 454 456 honoris,
497 407 566 447 vix
606 418 669 446 me
712 404 950 446 cohiberem
985 404 1083 457 quin
1121 402 1284 458 longius
1319 416 1389 444 ex·

256 501 488 538 currerem,
526 489 595 529 nifi
634 487 855 540 promissae
885 486 1099 527 brevitatis
1128 498 1284 527 memor
1326 485 1390 526 lo-

255 584 350 612 cum
377 571 523 612 leviter
547 572 746 625 attingere
773 568 936 611 mallem
967 568 1124 619 videri,
1167 581 1287 622 quam
1319 581 1390 610 ex-

254 663 311 694 tra
340 653 437 694 fines
465 655 740 707 terminosque
764 653 930 708 egredi,
977 665 1081 706 quos
1111 652 1211 693 mihi
1241 651 1390 694 consti·

253 748 365 776 tuere
387 737 570 777 decebat.
640 735 697 777 Et
724 749 823 778 vero
849 737 1065 790 perpaucis
1100 746 1185 776 rem
1212 734 1392 776 dilucide

254 831 391 859 coram
419 820 540 859 vobis
565 831 770 873 exponere
797 831 947 874 potero
964 850 977 870 ,
1024 817 1233 861 cultisfimi
1262 817 1392 862 Audi-

254 910 385 949 tores,
444 902 591 955 quibus
645 901 737 942 satis
767 903 843 943 erit
898 902 1091 943 summam
1145 900 1305 943 caussae
1348 901 1391 942 in

253 983 478 1037 conspectu
506 984 676 1038 positam
703 984 878 1026 habere!
908 1000 955 1020 .·-
983 984 985 990 ‘

311 1065 448 1119 Ipsum
475 1079 575 1121 ergo
604 1066 726 1107 velim
765 1078 810 1107 ut
845 1066 1052 1121 paulisper
1091 1079 1252 1107 mecum
1291 1077 1393 1106 con-

252 1148 504 1201 templemini
555 1148 767 1203 religionis
819 1149 1075 1190 conditorem
1129 1149 1392 1190 MOHAMME-

251 1242 366 1272 mm:
413 1229 525 1283 quod
551 1229 693 1269 infanti
721 1225 955 1283 impositum
998 1239 1175 1280 nomen,
1224 1241 1269 1272 ut
1297 1242 1391 1272 eum

251 1312 446 1367 fignificat
476 1313 545 1365 qui
575 1310 844 1354 honorandus
869 1323 958 1379 est³
1003 1314 1059 1353 ita
1093 1315 1267 1354 maxime
1310 1316 1391 1354 t'es-

252 1406 386 1446 tatur,
431 1406 625 1449 quantum
653 1396 830 1449 pretium
859 1407 910 1436 ex
939 1397 1148 1437 communi
1192 1397 1390 1450 opinione

250 1477 484 1519 statueretur
522 1477 683 1518 honori.
744 1460 882 1534 Quem
920 1485 1054 1520 autem
1100 1479 1182 1521 hoc
1223 1480 1390 1520 nomine

252 1562 403 1603 summa
438 1561 699 1602 veneratione
734 1561 1037 1616 prosequuntur
1072 1560 1229 1602 Arabes
1271 1561 1393 1602 aliae-

253 1656 333 1697 que
371 1655 510 1698 gentes
551 1643 657 1684 haud
696 1656 880 1697 paucae,
924 1645 1060 1695 idem,
1107 1645 1134 1685 fi
1176 1646 1267 1698 quis
1302 1658 1390 1686 um-

253 1739 402 1778 quam,
435 1726 604 1768 honoris
632 1739 679 1767 ac
709 1726 866 1782 gloriae
893 1727 1034 1768 ardore
1064 1727 1105 1768 se
1129 1728 1392 1768 vehementer

250 1809 538 1850 inflammatum
561 1809 764 1859 ostendit,
796 1809 981 1864 nihilque
1008 1811 1080 1864 ipfi
1108 1812 1236 1866 magis
1271 1810 1389 1851 cordi

252 1902 361 1940 erat,
407 1893 476 1932 nisi
506 1903 550 1933 ut
578 1893 675 1933 tanti
711 1894 889 1933 nominis
931 1892 1278 1946 exspectationem
1318 1907 1388 1934 cu·

256 1973 405 2014 mulate
434 1974 630 2028 expleret.
690 1974 843 2016 Illustri
871 1976 979 2015 enim
1007 1975 1081 2016 illo
1098 1958 1388 2024 incitamento,

257 2070 340 2109 quo
360 2059 492 2111 magni
522 2059 597 2097 viri
623 2058 673 2098 ad
697 2058 901 2111 praeclara
924 2059 1088 2112 quaevis
1110 2057 1387 2109 stimulantur,

255 2139 472 2192 impulsum
524 2140 644 2180 fuisse
692 2154 811 2191 eum,
871 2152 916 2182 ut
954 2153 1099 2181 novam
1145 2140 1388 2196 religionem

256 2222 480 2274 conderet,
523 2224 593 2267 vix
631 2235 692 2266 est
732 2224 846 2280 qubd
886 2223 1148 2267 dubitemus>
1201 2215 1301 2267 Erat
1337 2237 1387 2265 ex

1311 2319 1383 2348 no-
