1519 2729
720 187 865 241 (46
921 184 950 241 3>

274 323 467 378 iniignem
495 322 648 365 hancce
677 326 1033 365 commutationem
1060 337 1081 365 a
1103 323 1254 374 Pcrfis,
1286 338 1389 379 quo-

273 406 361 435 rum
389 393 906 435 consuetudineinexfilio
931 394 983 434 uii
1014 393 1161 433 fuerint
1183 385 1388 445 Hebraei,

275 465 395 504 unice
437 463 520 503 esse
559 462 809 504 derivandam
863 459 934 503 fibi
981 462 1229 516 persuadent.
1302 464 1388 505 Cu-

267 533 334 588 jus
378 534 639 586 opinionem,
697 545 798 585 quae
839 532 975 573 multis
1013 533 1197 588 placuit,
1242 534 1387 589 dijudi-

270 603 380 644 casse
407 615 553 656 operae
583 601 768 657 pretium*
788 602 897 644 duxi.

327 673 389 714 Ea
426 674 505 715 huc
542 674 626 714 fere
650 672 777 713 redit:
810 672 991 715 mansisse
1016 672 1177 727 Judaeis
1203 672 1312 714 suam
1337 672 1388 714 ad

266 742 475 784 idolorum
500 743 654 785 cultum
680 744 989 796 propensionem
1005 773 1017 792 ‚
1057 742 1188 783 donec
1217 742 1382 795 Cyrus,

266 826 337 854 rex
366 813 600 862 Persarum,
646 814 758 855 suum
785 813 998 865 imperium
1027 823 1100 864 per
1131 822 1258 852 totam
1298 813 1386 854 Afi-

266 896 330 924 am
359 883 654 924 occidentalem
682 882 956 931 extendissem,
995 880 1266 922 Persas-enim
1298 882 1387 923 ido-

266 953 398 994 lorum
429 953 584 994 cultum
613 953 813 994 aversatos
840 952 991 1002 fuisse,
1033 963 1258 1004 verumque
1299 950 1387 992 De-

265 1037 334 1064 um
380 1023 581 1072 coluisse,
625 1023 740 1076 cajus
783 1022 982 1077 quandam
1025 1021 1241 1075 imaginem
1281 1022 1386 1076 ignis

263 1093 503 1143 exhiberem
534 1106 580 1133 ac
606 1092 780 1147 Jiidaeos
814 1092 946 1141 adeo,
985 1089 1110 1131 Perfis
1145 1089 1384 1143 subjectos,

263 1163 314 1204 ab
342 1165 391 1204 iis
417 1162 600 1211 cultum,
645 1175 775 1215 quem¹
809 1161 909 1201 olim
942 1160 1220 1202 vehementius
1257 1172 1384 1201 amas-

264 1234 376 1283 sent,
407 1231 574 1280 aversari
601 1230 803 1289 didicisse.
865 1230 983 1286 Quae
1017 1230 1216 1285 sententia
1249 1231 1383 1288 nesei-

264 1315 379 1352 mus,
437 1314 485 1342 an
525 1301 575 1341 ab
615 1302 726 1351 omni
765 1312 879 1354 parte
918 1299 1145 1354 probabilis
1187 1298 1382 1341 videatur.

322 1371 378 1412 Et
391 1373 566 1424 primum
582 1370 744 1424 quidem
761 1370 1020 1411 vehementer
1035 1369 1284 1419 dubitamus,
1318 1383 1404 1411 re·⁴
1465 1379 1467 1381 ·
1517 1359 1519 1371 ’

263 1438 460 1497 Hgionem
517 1439 722 1481 Persarum
781 1451 888 1480 tanta
942 1441 1054 1481 cerni
1121 1439 1384 1493 praestantia,

263 1509 415 1564 quanta
437 1510 487 1552 ab
518 1511 567 1550 iis
593 1510 842 1563 perhibetur.
903 1509 1028 1551 Teste
1055 1511 1162 1550 enim
1193 1508 1385 1551 Herodo-

262 1592 309 1622 to
325 1579 436 1634 (ιι),
466 1581 590 1634 prisci
605 1578 745 1620 Persae
761 1579 836 1620 soli
852 1579 1050 1633 lunaeque
1079 1579 1383 1630 sacrificabatur,

264 1651 430 1701 telluri,
472 1652 584 1705 igni,
630 1661 755 1703 aquae
783 1662 904 1704 atque
933 1651 1078 1692 ventis.
1139 1649 1384 1691 Conscenfis

264 1722 472 1762 montibus
498 1721 697 1761 ¹altissimis
727 1720 833 1761 sacra
852 1718 1082 1766 faciebant,
1116 1731 1192 1760 nec
1208 1719 1349 1760 statuas
1368 1750 1380 1770 ‚

263 1805 340 1833 nec
371 1791 548 1846 templa,
594 1803 725 1844 neque
749 1802 834 1831 aras
870 1802 1023 1842 ponere
1057 1800 1099 1830 et
1142 1791 1379 1831 consecrare

265 1861 325 1903 fas
351 1862 432 1903 esse
458 1861 678 1915 putabant,
710 1862 809 1927 quin
835 1861 963 1901 immo
999 1859 1147 1902 horum
1179 1860 1380 1903 sactorum

1296 1930 1382 1973 cul·

265 2046 399 2081 secutus
426 2045 646 2088 Warnekros,
679 2046 791 2090 Anti.q
818 2044 893 2092 Jud.
921 2056 956 2089 p.
978 2056 1052 2090 194.
1080 2044 1154 2081 Vici.
1177 2045 1378 2085 Versclmii‘,

264 2101 292 2140 i.
320 2105 342 2138 1.
365 2113 398 2145 p.
421 2105 494 2138 180.
518 2103 595 2137 coil.
618 2103 833 2145 scriptoribus
857 2103 902 2136 ibi
926 2102 1070 2136 laidacis.

314 2156 874 2204 (a)L.1.C.131.V11.37.
920 2159 1320 2199 Conf.Meincrs,1.1.
1348 2169 1381 2203 p.

268 2218 334 2260 238
350 2241 362 2259 ,
387 2217 466 2261 416.
483 2216 516 2250 in
539 2225 627 2253 nota.
673 2217 821 2257 Cicero,
844 2215 887 2249 de
916 2215 1064 2262 Legibus
1086 2216 1129 2251 L.
1152 2217 1198 2258 ss·
1221 2217 1262 2252 C.
1285 2224 1336 2250 ιο.
