1519 2729
712 186 754 243 ν(
802 188 865 230 ’62
907 185 948 243 ·)

263 324 460 378 ‹liquefit‚
502 321 643 367 iterum
672 333 861 381 augeatur
889 323 1068 380 presfio‚
1111 338 1218 368 nova
1258 324 1382 381 vapo-

273 407 360 435 rum
388 395 544 448 liquefit
575 396 799 448 quantitas,
846 396 976 438 donec
1004 396 1192 437 omnibus
1220 398 1381 449 vapori-

262 462 349 505 ·bus
392 464 648 518 liquefactis,
694 477 783 507 toto
824 466 952 520 spatio
992 465 1150 520 liquido
1190 465 1380 519 repleto,

262 546 355 575 ·n0n
379 534 548 588 amplius
578 533 674 574 adfit
701 532 849 586 locus,
880 548 965 590 quo
992 548 1164 590 vapores
1195 536 1381 576 contine·
1427 534 1430 540 ⁴

263 605 306 645 ³ri
335 605 529 658 possunt;
561 606 587 646 fi
615 615 745 644 autem
775 617 932 659 praeter
966 617 1165 658 vapores,
1211 604 1381 658 spatium

272 675 391 715 etiam
416 686 490 728 gaz
520 673 719 727 quoddam
750 676 931 715 continet
953 686 1217 727 permanens,
1262 675 1381 729 hujus

259 751 345 798 ‘gaz
387 742 577 783 volumen
618 743 820 795 presfione
863 744 1125 793 diminuitur,
1174 743 1241 785 secl
1280 756 1382 785 nun-

270 826 390 866 quam
419 811 574 853 nullum
600 812 808 864 redditum,
839 824 1015 854 remanet
1037 814 1160 869 igitur
1183 813 1350 868 spatium
1366 845 1380 865 ,

265 896 355 937 «quo
382 894 553 936 vapores
582 884 780 924 contineri
807 883 1001 938 possunt,
1041 895 1081 924 et
1106 897 1198 926 cum
1238 885 1279 925 hi
1314 899 1380 926 va-

271 965 392 1006 pores
423 955 532 993 omni
563 954 766 1007 pressione
808 955 934 1003 oriri,
980 953 1043 994 vel
1074 955 1184 1005 orti,
1229 953 1381 995 exstare

262 1024 452 1078 possint,
483 1024 607 1064 modo
635 1023 712 1064 tale
741 1023 837 1064 adsit
863 1023 1028 1077 spatium
1046 1053 1059 1074 ‚
1105 1025 1282 1078 sequitur
1304 1021 1382 1079 'gaz

271 1093 373 1133 illud
411 1093 512 1134 hanc
549 1106 742 1147 vaporum
772 1095 1033 1146 quantitatem
1060 1096 1232 1134 retinere
1260 1093 1380 1134 debe-

270 1175 343 1211 re,
386 1175 486 1217 quae
528 1175 620 1205 cum
657 1174 922 1217 temperatura
962 1173 1002 1204 et
1028 1163 1156 1218 spatio
1187 1163 1261 1204 suo
1283 1175 1380 1205 con-

269 1245 394 1275 venit.

571 1371 643 1414 IV.
674 1371 744 1438 D?
773 1374 1083 1427 evaporatione.

267 1536 270 1538 -
329 1510 424 1553 Hoc
466 1511 908 1570 nominebintelligitur
947 1513 1212 1567 plerumque,
1256 1526 1382 1568 vapo-

265 1594 360 1622 *rum
403 1582 589 1631 emissio,
635 1582 794 1636 quando
830 1582 982 1637 liquida
1016 1585 1096 1624 ae'ri
1124 1596 1381 1638 exponuntur

275 1650 419 1692 libero.
653 1654 656 1658 ’
676 1655 682 1662 ”
887 1644 889 1649 ’

333 1721 541 1771 Οαῐοῑίςί,
573 1723 612 1762 in
642 1721 832 1776 liquidis,
877 1724 932 1763 ita
959 1736 1004 1764 ut
1033 1724 1072 1763 iu
1101 1723 1190 1764 aliis
1232 1736 1383 1778 corpo·-

274 1793 412 1842 ribus,
444 1792 597 1846 semper
623 1792 834 1841 exstantis,
878 1793 1102 1833 clasticitas'
1134 1803 1184 1833 eo
1226 1793 1382 1843 tendit,

273 1874 318 1904 ut
351 1862 494 1916 liquidi
526 1860 747 1917 'particulas
789 1862 954 1916 separet.
1014 1861 1102 1903 Hac
1145 1862 1383 1904 clasticitat'e

275 1934 486 1987 reciproca
528 1932 699 1986 ipsarum
752 1932 1036 1986 particularum
1079 1932 1277 1973 ‘cohaesio
1328 1933 1382 1972 ita

276 2001 506 2054 superatur,
538 2014 581 2043 ut
610 2003 719 2042 omni
748 2013 1014 2056 temperatura
1040 2015 1210 2055 vapores
1250 2003 1380 2042 orian-

277 2084 352 2112 tur.
413 2072 569 2113 Horum
603 2085 797 2125 vaporum
827 2072 982 2114 diffusso
1022 2072 1091 2112 sub
1133 2073 1234 2111 aeris
1270 2085 1380 2126 pres-

277 2143 384 2184 (ione
413 2141 532 2182 facile
572 2142 810 2195 explicatur,
899 2141 1233 2193 Atmosphaeram
1260 2142 1381 2183 nobis

276 2211 565 2265 repraesentare
604 2211 823 2262 debemus,
869 2224 919 2254 ex
960 2206 1175 2253 moleculis
1202 2211 1380 2253 constan-

1261 2302 1269 2314 ·
1301 2293 1380 2323 tem
