<?xml version="1.0" encoding="UTF-8"?>
<!DOCTYPE html PUBLIC "-//W3C//DTD XHTML 1.0 Transitional//EN"
    "http://www.w3.org/TR/xhtml1/DTD/xhtml1-transitional.dtd">
<html xmlns="http://www.w3.org/1999/xhtml" xml:lang="en" lang="en">
 <head>
  <title>
</title>
<meta http-equiv="Content-Type" content="text/html;charset=utf-8" />
  <meta name='ocr-system' content='tesseract 3.04.00' />
  <meta name='ocr-capabilities' content='ocr_page ocr_carea ocr_par ocr_line ocrx_word'/>
</head>
<body>
  <div class='ocr_page' id='page_1' title='image "annalesacademiae22acad_0767.png"; bbox 0 0 1519 2729; ppageno 0'>
   <div class='ocr_carea' id='block_1_1' title="bbox 538 133 789 193">
    <p class='ocr_par' dir='ltr' id='par_1_1' title="bbox 538 133 789 193">
     <span class='ocr_line' id='line_1_1' title="bbox 538 133 789 193; baseline -0.012 -1"><span class='ocrx_word' id='word_1_1' title='bbox 538 133 789 193; x_wconf 77' lang='lat'><strong>(133)</strong></span> 
     </span>
    </p>
   </div>
   <div class='ocr_carea' id='block_1_2' title="bbox 89 274 1248 1798">
    <p class='ocr_par' dir='ltr' id='par_1_2' title="bbox 95 274 1226 806">
     <span class='ocr_line' id='line_1_2' title="bbox 101 274 1223 331; baseline 0 -12"><span class='ocrx_word' id='word_1_2' title='bbox 101 277 247 330; x_wconf 86' lang='lat' dir='ltr'>scripta</span> <span class='ocrx_word' id='word_1_3' title='bbox 275 286 494 331; x_wconf 84' lang='lat' dir='ltr'>agnoscere</span> <span class='ocrx_word' id='word_1_4' title='bbox 528 287 778 328; x_wconf 87' lang='lat' dir='ltr'>coeperunt,</span> <span class='ocrx_word' id='word_1_5' title='bbox 819 274 936 316; x_wconf 85' lang='lat' dir='ltr'>aliter</span> <span class='ocrx_word' id='word_1_6' title='bbox 977 287 1052 329; x_wconf 91' lang='lat' dir='ltr'>per</span> <span class='ocrx_word' id='word_1_7' title='bbox 1091 288 1223 320; x_wconf 89' lang='lat' dir='ltr'>rerum</span> 
     </span>
     <span class='ocr_line' id='line_1_3' title="bbox 99 345 1226 400; baseline 0 -13"><span class='ocrx_word' id='word_1_8' title='bbox 99 347 389 389; x_wconf 72' lang='lat' dir='ltr'>naturam‘fieri</span> <span class='ocrx_word' id='word_1_9' title='bbox 419 345 522 388; x_wconf 88' lang='lat' dir='ltr'>haud</span> <span class='ocrx_word' id='word_1_10' title='bbox 550 347 712 400; x_wconf 80' lang='lat' dir='ltr'>potuit,</span> <span class='ocrx_word' id='word_1_11' title='bbox 744 347 841 399; x_wconf 89' lang='lat' dir='ltr'>quin</span> <span class='ocrx_word' id='word_1_12' title='bbox 867 346 1057 398; x_wconf 88' lang='lat' dir='ltr'>petierint</span> <span class='ocrx_word' id='word_1_13' title='bbox 1081 360 1226 400; x_wconf 82' lang='lat' dir='ltr'>parvu-</span> 
     </span>
     <span class='ocr_line' id='line_1_4' title="bbox 97 415 1226 472; baseline 0 -14"><span class='ocrx_word' id='word_1_14' title='bbox 97 417 154 458; x_wconf 91' lang='lat' dir='ltr'>las</span> <span class='ocrx_word' id='word_1_15' title='bbox 191 417 380 472; x_wconf 82' lang='lat' dir='ltr'>quasdam</span> <span class='ocrx_word' id='word_1_16' title='bbox 423 418 660 467; x_wconf 81' lang='lat' dir='ltr'>societates,</span> <span class='ocrx_word' id='word_1_17' title='bbox 711 415 817 458; x_wconf 91' lang='lat' dir='ltr'>uncle</span> <span class='ocrx_word' id='word_1_18' title='bbox 857 424 1000 470; x_wconf 89' lang='lat' dir='ltr'>postea</span> <span class='ocrx_word' id='word_1_19' title='bbox 1042 419 1226 458; x_wconf 82' lang='lat' dir='ltr'>civitates</span> 
     </span>
     <span class='ocr_line' id='line_1_5' title="bbox 98 485 1225 540; baseline -0.003 -11"><span class='ocrx_word' id='word_1_20' title='bbox 98 488 330 529; x_wconf 81' lang='lat' dir='ltr'>exstiterunt</span> <span class='ocrx_word' id='word_1_21' title='bbox 368 499 408 527; x_wconf 93' lang='lat' dir='ltr'>et</span> <span class='ocrx_word' id='word_1_22' title='bbox 450 486 740 540; x_wconf 81' lang='lat' dir='ltr'>Respublicae.</span> <span class='ocrx_word' id='word_1_23' title='bbox 781 503 817 513; x_wconf 88' lang='lat'>—</span> <span class='ocrx_word' id='word_1_24' title='bbox 859 486 925 527; x_wconf 86' lang='lat' dir='ltr'>Ex</span> <span class='ocrx_word' id='word_1_25' title='bbox 965 487 1014 527; x_wconf 91' lang='lat' dir='ltr'>iis</span> <span class='ocrx_word' id='word_1_26' title='bbox 1048 485 1128 540; x_wconf 82' lang='lat' dir='ltr'>jam</span> <span class='ocrx_word' id='word_1_27' title='bbox 1156 497 1225 538; x_wconf 83' lang='lat' dir='ltr'>pa-</span> 
     </span>
     <span class='ocr_line' id='line_1_6' title="bbox 97 554 1225 610; baseline -0.001 -15"><span class='ocrx_word' id='word_1_28' title='bbox 97 567 182 605; x_wconf 87' lang='lat' dir='ltr'>tet,</span> <span class='ocrx_word' id='word_1_29' title='bbox 227 555 253 596; x_wconf 93' lang='lat' dir='ltr'>S</span> <span class='ocrx_word' id='word_1_30' title='bbox 271 556 471 597; x_wconf 87' lang='lat' dir='ltr'>ulzeru</span> <span class='ocrx_word' id='word_1_31' title='bbox 489 570 528 596; x_wconf 92' lang='lat' dir='ltr'><strong>m</strong></span> <span class='ocrx_word' id='word_1_32' title='bbox 557 569 640 598; x_wconf 89' lang='lat' dir='ltr'>non</span> <span class='ocrx_word' id='word_1_33' title='bbox 675 555 792 596; x_wconf 78' lang='lat' dir='ltr'>aliter</span> <span class='ocrx_word' id='word_1_34' title='bbox 817 556 999 596; x_wconf 89' lang='lat' dir='ltr'>viventes</span> <span class='ocrx_word' id='word_1_35' title='bbox 1026 554 1225 610; x_wconf 83' lang='lat' dir='ltr'>cogitasse</span> 
     </span>
     <span class='ocr_line' id='line_1_7' title="bbox 98 624 1223 679; baseline -0.002 -13"><span class='ocrx_word' id='word_1_36' title='bbox 98 626 310 674; x_wconf 84' lang='lat' dir='ltr'>homines,</span> <span class='ocrx_word' id='word_1_37' title='bbox 342 627 423 678; x_wconf 17' lang='lat' dir='ltr'>nifi-</span> <span class='ocrx_word' id='word_1_38' title='bbox 440 628 480 667; x_wconf 90' lang='lat' dir='ltr'>in</span> <span class='ocrx_word' id='word_1_39' title='bbox 509 626 799 676; x_wconf 82' lang='lat' dir='ltr'>societatibus,</span> <span class='ocrx_word' id='word_1_40' title='bbox 829 638 997 679; x_wconf 86' lang='lat' dir='ltr'>quarum</span> <span class='ocrx_word' id='word_1_41' title='bbox 1025 624 1115 666; x_wconf 89' lang='lat' dir='ltr'>finis</span> <span class='ocrx_word' id='word_1_42' title='bbox 1133 636 1223 674; x_wconf 75' lang='lat' dir='ltr'>est,</span> 
     </span>
     <span class='ocr_line' id='line_1_8' title="bbox 95 694 1225 750; baseline 0 -14"><span class='ocrx_word' id='word_1_43' title='bbox 95 707 140 736; x_wconf 91' lang='lat' dir='ltr'>ut</span> <span class='ocrx_word' id='word_1_44' title='bbox 167 697 336 749; x_wconf 86' lang='lat' dir='ltr'>quisque</span> <span class='ocrx_word' id='word_1_45' title='bbox 363 696 562 747; x_wconf 84' lang='lat' dir='ltr'>alterum,</span> <span class='ocrx_word' id='word_1_46' title='bbox 593 707 786 750; x_wconf 82' lang='lat' dir='ltr'>quantum</span> <span class='ocrx_word' id='word_1_47' title='bbox 812 696 900 737; x_wconf 86' lang='lat' dir='ltr'>fieri</span> <span class='ocrx_word' id='word_1_48' title='bbox 926 707 1092 749; x_wconf 88' lang='lat' dir='ltr'>potest,</span> <span class='ocrx_word' id='word_1_49' title='bbox 1133 694 1225 736; x_wconf 87' lang='lat' dir='ltr'>feli-</span> 
     </span>
     <span class='ocr_line' id='line_1_9' title="bbox 96 765 358 806; baseline -0.004 0"><span class='ocrx_word' id='word_1_50' title='bbox 96 777 184 806; x_wconf 84' lang='lat' dir='ltr'>cem</span> <span class='ocrx_word' id='word_1_51' title='bbox 208 765 358 806; x_wconf 78' lang='lat' dir='ltr'>reddat.</span> 
     </span>
    </p>

    <p class='ocr_par' dir='ltr' id='par_1_3' title="bbox 91 833 1248 1098">
     <span class='ocr_line' id='line_1_10' title="bbox 114 833 1226 889; baseline 0 -15"><span class='ocrx_word' id='word_1_52' title='bbox 114 858 117 861; x_wconf 90' lang='lat'><em>-</em></span> <span class='ocrx_word' id='word_1_53' title='bbox 152 834 247 874; x_wconf 87' lang='lat' dir='ltr'><strong>Sine</strong></span> <span class='ocrx_word' id='word_1_54' title='bbox 278 835 476 889; x_wconf 87' lang='lat' dir='ltr'>ejusmodi</span> <span class='ocrx_word' id='word_1_55' title='bbox 501 835 578 876; x_wconf 87' lang='lat' dir='ltr'>fine</span> <span class='ocrx_word' id='word_1_56' title='bbox 609 836 921 889; x_wconf 87' lang='lat' dir='ltr'>quibuscunque</span> <span class='ocrx_word' id='word_1_57' title='bbox 972 835 1133 876; x_wconf 90' lang='lat' dir='ltr'>demum</span> <span class='ocrx_word' id='word_1_58' title='bbox 1167 833 1226 874; x_wconf 90' lang='lat' dir='ltr'>la·</span> 
     </span>
     <span class='ocr_line' id='line_1_11' title="bbox 94 904 1248 947; baseline -0.001 -2"><span class='ocrx_word' id='word_1_59' title='bbox 94 915 255 946; x_wconf 89' lang='lat' dir='ltr'>tronum</span> <span class='ocrx_word' id='word_1_60' title='bbox 301 916 368 945; x_wconf 83' lang='lat' dir='ltr'>aut</span> <span class='ocrx_word' id='word_1_61' title='bbox 414 906 674 947; x_wconf 85' lang='lat' dir='ltr'>barbarorum</span> <span class='ocrx_word' id='word_1_62' title='bbox 720 907 932 947; x_wconf 87' lang='lat' dir='ltr'>hominum</span> <span class='ocrx_word' id='word_1_63' title='bbox 968 904 1096 945; x_wconf 90' lang='lat' dir='ltr'>turbis</span> <span class='ocrx_word' id='word_1_64' title='bbox 1140 906 1248 945; x_wconf 89' lang='lat' dir='ltr'>isti-·</span> 
     </span>
     <span class='ocr_line' id='line_1_12' title="bbox 93 975 1228 1029; baseline 0 -14"><span class='ocrx_word' id='word_1_65' title='bbox 93 975 254 1016; x_wconf 88' lang='lat' dir='ltr'>usmodi</span> <span class='ocrx_word' id='word_1_66' title='bbox 279 976 617 1029; x_wconf 82' lang='lat' dir='ltr'>congregationes</span> <span class='ocrx_word' id='word_1_67' title='bbox 645 975 855 1015; x_wconf 71' lang='lat' dir='ltr'>similiores</span> <span class='ocrx_word' id='word_1_68' title='bbox 884 975 1062 1024; x_wconf 87' lang='lat' dir='ltr'>dixeris,</span> <span class='ocrx_word' id='word_1_69' title='bbox 1105 986 1228 1027; x_wconf 83' lang='lat' dir='ltr'>quam</span> 
     </span>
     <span class='ocr_line' id='line_1_13' title="bbox 91 1044 1108 1098; baseline -0.001 -13"><span class='ocrx_word' id='word_1_70' title='bbox 91 1044 352 1093; x_wconf 83' lang='lat' dir='ltr'>civitatibus,</span> <span class='ocrx_word' id='word_1_71' title='bbox 384 1044 548 1084; x_wconf 90' lang='lat' dir='ltr'>homine</span> <span class='ocrx_word' id='word_1_72' title='bbox 575 1045 728 1084; x_wconf 78' lang='lat' dir='ltr'>ratione</span> <span class='ocrx_word' id='word_1_73' title='bbox 754 1044 937 1097; x_wconf 83' lang='lat' dir='ltr'>praedito</span> <span class='ocrx_word' id='word_1_74' title='bbox 962 1044 1108 1098; x_wconf 84' lang='lat' dir='ltr'>dignis.</span> 
     </span>
    </p>

    <p class='ocr_par' dir='ltr' id='par_1_4' title="bbox 89 1113 1229 1798">
     <span class='ocr_line' id='line_1_14' title="bbox 149 1113 1227 1169; baseline -0.002 -13"><span class='ocrx_word' id='word_1_75' title='bbox 149 1115 195 1156; x_wconf 92' lang='lat' dir='ltr'>In</span> <span class='ocrx_word' id='word_1_76' title='bbox 225 1114 293 1154; x_wconf 80' lang='lat' dir='ltr'>tali</span> <span class='ocrx_word' id='word_1_77' title='bbox 321 1115 444 1169; x_wconf 86' lang='lat' dir='ltr'>igitur</span> <span class='ocrx_word' id='word_1_78' title='bbox 467 1126 560 1154; x_wconf 88' lang='lat' dir='ltr'>vere</span> <span class='ocrx_word' id='word_1_79' title='bbox 589 1113 760 1154; x_wconf 78' lang='lat' dir='ltr'>humana</span> <span class='ocrx_word' id='word_1_80' title='bbox 788 1114 982 1155; x_wconf 83' lang='lat' dir='ltr'>societate</span> <span class='ocrx_word' id='word_1_81' title='bbox 1029 1125 1114 1154; x_wconf 90' lang='lat' dir='ltr'>non</span> <span class='ocrx_word' id='word_1_82' title='bbox 1152 1126 1227 1155; x_wconf 92' lang='lat' dir='ltr'>cu-</span> 
     </span>
     <span class='ocr_line' id='line_1_15' title="bbox 90 1180 1225 1239; baseline -0.005 -13"><span class='ocrx_word' id='word_1_83' title='bbox 90 1197 175 1226; x_wconf 82' lang='lat' dir='ltr'>rare</span> <span class='ocrx_word' id='word_1_84' title='bbox 204 1183 455 1239; x_wconf 79' lang='lat' dir='ltr'>legislatores</span> <span class='ocrx_word' id='word_1_85' title='bbox 480 1185 569 1238; x_wconf 85' lang='lat' dir='ltr'>jura</span> <span class='ocrx_word' id='word_1_86' title='bbox 595 1182 664 1223; x_wconf 83' lang='lat' dir='ltr'>illa</span> <span class='ocrx_word' id='word_1_87' title='bbox 686 1194 727 1223; x_wconf 89' lang='lat' dir='ltr'>et</span> <span class='ocrx_word' id='word_1_88' title='bbox 755 1182 894 1238; x_wconf 83' lang='lat' dir='ltr'>leges,</span> <span class='ocrx_word' id='word_1_89' title='bbox 927 1194 1030 1235; x_wconf 83' lang='lat' dir='ltr'>quae</span> <span class='ocrx_word' id='word_1_90' title='bbox 1061 1195 1083 1221; x_wconf 83' lang='lat' dir='ltr'>a</span> <span class='ocrx_word' id='word_1_91' title='bbox 1103 1180 1225 1221; x_wconf 85' lang='lat' dir='ltr'>rebus</span> 
     </span>
     <span class='ocr_line' id='line_1_16' title="bbox 90 1240 1227 1307; baseline -0.004 -12"><span class='ocrx_word' id='word_1_92' title='bbox 90 1267 131 1295; x_wconf 84' lang='lat' dir='ltr'>et</span> <span class='ocrx_word' id='word_1_93' title='bbox 161 1256 414 1307; x_wconf 85' lang='lat' dir='ltr'>temporibus</span> <span class='ocrx_word' id='word_1_94' title='bbox 442 1255 561 1293; x_wconf 84' lang='lat' dir='ltr'>unice</span> <span class='ocrx_word' id='word_1_95' title='bbox 594 1253 802 1305; x_wconf 86' lang='lat' dir='ltr'>pendent,</span> <span class='ocrx_word' id='word_1_96' title='bbox 836 1254 901 1294; x_wconf 89' lang='lat' dir='ltr'>sed</span> <span class='ocrx_word' id='word_1_97' title='bbox 925 1240 1123 1293; x_wconf 55' lang='lat' dir='ltr'>naturales</span> <span class='ocrx_word' id='word_1_98' title='bbox 1140 1261 1227 1290; x_wconf 86' lang='lat' dir='ltr'>tan-</span> 
     </span>
     <span class='ocr_line' id='line_1_17' title="bbox 91 1320 1221 1378; baseline -0.004 -14"><span class='ocrx_word' id='word_1_99' title='bbox 91 1335 175 1364; x_wconf 86' lang='lat' dir='ltr'>tum</span> <span class='ocrx_word' id='word_1_100' title='bbox 198 1324 469 1378; x_wconf 82' lang='lat' dir='ltr'>obligationes</span> <span class='ocrx_word' id='word_1_101' title='bbox 485 1353 497 1371; x_wconf 85' lang='lat'><strong>‚</strong></span> <span class='ocrx_word' id='word_1_102' title='bbox 529 1322 672 1375; x_wconf 89' lang='lat' dir='ltr'>sponte</span> <span class='ocrx_word' id='word_1_103' title='bbox 692 1333 803 1376; x_wconf 86' lang='lat' dir='ltr'>patet</span> <span class='ocrx_word' id='word_1_104' title='bbox 819 1352 832 1371; x_wconf 89' lang='lat'>‚</span> <span class='ocrx_word' id='word_1_105' title='bbox 864 1335 958 1363; x_wconf 88' lang='lat' dir='ltr'>cum</span> <span class='ocrx_word' id='word_1_106' title='bbox 986 1322 1106 1362; x_wconf 90' lang='lat' dir='ltr'>unice</span> <span class='ocrx_word' id='word_1_107' title='bbox 1135 1320 1221 1374; x_wconf 87' lang='lat' dir='ltr'>agi-</span> 
     </span>
     <span class='ocr_line' id='line_1_18' title="bbox 92 1390 1224 1447; baseline -0.003 -13"><span class='ocrx_word' id='word_1_108' title='bbox 92 1405 155 1434; x_wconf 83' lang='lat' dir='ltr'>tur</span> <span class='ocrx_word' id='word_1_109' title='bbox 183 1394 233 1434; x_wconf 89' lang='lat' dir='ltr'>de</span> <span class='ocrx_word' id='word_1_110' title='bbox 256 1394 508 1447; x_wconf 85' lang='lat' dir='ltr'>obligatione</span> <span class='ocrx_word' id='word_1_111' title='bbox 538 1393 636 1441; x_wconf 84' lang='lat' dir='ltr'>illa,</span> <span class='ocrx_word' id='word_1_112' title='bbox 667 1405 768 1445; x_wconf 86' lang='lat' dir='ltr'>quae</span> <span class='ocrx_word' id='word_1_113' title='bbox 798 1392 976 1445; x_wconf 89' lang='lat' dir='ltr'>profluit</span> <span class='ocrx_word' id='word_1_114' title='bbox 1015 1403 1066 1430; x_wconf 83' lang='lat' dir='ltr'>ex</span> <span class='ocrx_word' id='word_1_115' title='bbox 1095 1390 1224 1431; x_wconf 88' lang='lat' dir='ltr'>confi·</span> 
     </span>
     <span class='ocr_line' id='line_1_19' title="bbox 91 1459 1223 1518; baseline -0.003 -15"><span class='ocrx_word' id='word_1_116' title='bbox 91 1464 297 1503; x_wconf 78' lang='lat' dir='ltr'>dei-atione</span> <span class='ocrx_word' id='word_1_117' title='bbox 314 1465 483 1518; x_wconf 79' lang='lat' dir='ltr'>originis</span> <span class='ocrx_word' id='word_1_118' title='bbox 496 1493 511 1511; x_wconf 85' lang='lat'>‚</span> <span class='ocrx_word' id='word_1_119' title='bbox 544 1474 705 1502; x_wconf 79' lang='lat' dir='ltr'>naturae</span> <span class='ocrx_word' id='word_1_120' title='bbox 730 1475 770 1503; x_wconf 93' lang='lat' dir='ltr'>et</span> <span class='ocrx_word' id='word_1_121' title='bbox 789 1463 954 1504; x_wconf 82' lang='lat' dir='ltr'>rationis</span> <span class='ocrx_word' id='word_1_122' title='bbox 968 1459 1077 1501; x_wconf 88' lang='lat' dir='ltr'>illius</span> <span class='ocrx_word' id='word_1_123' title='bbox 1091 1459 1193 1514; x_wconf 86' lang='lat' dir='ltr'>legis</span> <span class='ocrx_word' id='word_1_124' title='bbox 1209 1490 1223 1509; x_wconf 92' lang='lat'>‚</span> 
     </span>
     <span class='ocr_line' id='line_1_20' title="bbox 89 1529 1225 1587; baseline -0.002 -15"><span class='ocrx_word' id='word_1_125' title='bbox 89 1545 192 1585; x_wconf 86' lang='lat' dir='ltr'>quae</span> <span class='ocrx_word' id='word_1_126' title='bbox 223 1535 334 1573; x_wconf 86' lang='lat' dir='ltr'>omni</span> <span class='ocrx_word' id='word_1_127' title='bbox 361 1533 444 1573; x_wconf 84' lang='lat' dir='ltr'>loci</span> <span class='ocrx_word' id='word_1_128' title='bbox 477 1533 711 1573; x_wconf 84' lang='lat' dir='ltr'>conditione</span> <span class='ocrx_word' id='word_1_129' title='bbox 741 1535 855 1587; x_wconf 87' lang='lat' dir='ltr'>prior</span> <span class='ocrx_word' id='word_1_130' title='bbox 883 1544 957 1573; x_wconf 89' lang='lat' dir='ltr'>est.</span> <span class='ocrx_word' id='word_1_131' title='bbox 1016 1529 1084 1572; x_wconf 91' lang='lat' dir='ltr'>Ne</span> <span class='ocrx_word' id='word_1_132' title='bbox 1114 1530 1225 1583; x_wconf 91' lang='lat' dir='ltr'>prin-</span> 
     </span>
     <span class='ocr_line' id='line_1_21' title="bbox 92 1601 1224 1657; baseline 0 -15"><span class='ocrx_word' id='word_1_133' title='bbox 92 1605 203 1656; x_wconf 81' lang='lat' dir='ltr'>cipes</span> <span class='ocrx_word' id='word_1_134' title='bbox 246 1604 408 1656; x_wconf 82' lang='lat' dir='ltr'>quidem</span> <span class='ocrx_word' id='word_1_135' title='bbox 445 1604 518 1644; x_wconf 85' lang='lat' dir='ltr'>hac</span> <span class='ocrx_word' id='word_1_136' title='bbox 554 1604 645 1657; x_wconf 82' lang='lat' dir='ltr'>lege</span> <span class='ocrx_word' id='word_1_137' title='bbox 684 1604 853 1644; x_wconf 80' lang='lat' dir='ltr'>naturali</span> <span class='ocrx_word' id='word_1_138' title='bbox 896 1604 983 1644; x_wconf 87' lang='lat' dir='ltr'>sunt</span> <span class='ocrx_word' id='word_1_139' title='bbox 1010 1601 1146 1643; x_wconf 88' lang='lat' dir='ltr'>soluti.</span> <span class='ocrx_word' id='word_1_140' title='bbox 1179 1620 1224 1632; x_wconf 91' lang='grc'>--</span> 
     </span>
     <span class='ocr_line' id='line_1_22' title="bbox 94 1671 1229 1728; baseline -0.002 -17"><span class='ocrx_word' id='word_1_141' title='bbox 94 1671 202 1712; x_wconf 87' lang='lat' dir='ltr'>Inter</span> <span class='ocrx_word' id='word_1_142' title='bbox 226 1685 296 1713; x_wconf 86' lang='lat' dir='ltr'>eos</span> <span class='ocrx_word' id='word_1_143' title='bbox 323 1674 456 1720; x_wconf 75' lang='lat' dir='ltr'>enim,</span> <span class='ocrx_word' id='word_1_144' title='bbox 503 1675 640 1725; x_wconf 87' lang='lat' dir='ltr'>prouti</span> <span class='ocrx_word' id='word_1_145' title='bbox 668 1674 770 1713; x_wconf 88' lang='lat' dir='ltr'>inter</span> <span class='ocrx_word' id='word_1_146' title='bbox 799 1673 974 1728; x_wconf 77' lang='lat' dir='ltr'>singulos</span> <span class='ocrx_word' id='word_1_147' title='bbox 1005 1672 1229 1725; x_wconf 47' lang='lat' dir='ltr'>cujuscunf</span> 
     </span>
     <span class='ocr_line' id='line_1_23' title="bbox 92 1740 1223 1798; baseline -0.002 -16"><span class='ocrx_word' id='word_1_148' title='bbox 92 1755 171 1794; x_wconf 89' lang='lat' dir='ltr'>que</span> <span class='ocrx_word' id='word_1_149' title='bbox 200 1743 403 1783; x_wconf 79' lang='lat' dir='ltr'>societatis</span> <span class='ocrx_word' id='word_1_150' title='bbox 435 1743 578 1784; x_wconf 64' lang='lat' dir='ltr'>,socios</span> <span class='ocrx_word' id='word_1_151' title='bbox 597 1773 609 1792; x_wconf 84' lang='lat'>,</span> <span class='ocrx_word' id='word_1_152' title='bbox 641 1740 1223 1798; x_wconf 81' lang='lat' dir='ltr'>obligationesintercedunt,</span> 
     </span>
    </p>
   </div>
   <div class='ocr_carea' id='block_1_3' title="bbox 91 1809 1225 1920">
    <p class='ocr_par' dir='ltr' id='par_1_5' title="bbox 91 1809 1225 1920">
     <span class='ocr_line' id='line_1_24' title="bbox 91 1809 1225 1866; baseline -0.002 -14"><span class='ocrx_word' id='word_1_153' title='bbox 91 1824 189 1865; x_wconf 83' lang='lat' dir='ltr'>quas</span> <span class='ocrx_word' id='word_1_154' title='bbox 249 1813 417 1866; x_wconf 85' lang='lat' dir='ltr'>implere</span> <span class='ocrx_word' id='word_1_155' title='bbox 472 1824 684 1864; x_wconf 56' lang='lat' dir='ltr'>tenentum</span> <span class='ocrx_word' id='word_1_156' title='bbox 741 1813 919 1854; x_wconf 84' lang='lat' dir='ltr'>cernitur</span> <span class='ocrx_word' id='word_1_157' title='bbox 970 1811 1074 1852; x_wconf 90' lang='lat' dir='ltr'>inter</span> <span class='ocrx_word' id='word_1_158' title='bbox 1114 1809 1225 1863; x_wconf 91' lang='lat' dir='ltr'>ipsos</span> 
     </span>
     <span class='ocr_line' id='line_1_25' title="bbox 1164 1879 1225 1920; baseline -0.016 0"><span class='ocrx_word' id='word_1_159' title='bbox 1164 1879 1225 1920; x_wconf 84' lang='lat' dir='ltr'>fe-</span> 
     </span>
    </p>
   </div>
   <div class='ocr_carea' id='block_1_4' title="bbox 90 1990 1225 2208">
    <p class='ocr_par' dir='ltr' id='par_1_6' title="bbox 90 1990 1225 2208">
     <span class='ocr_line' id='line_1_26' title="bbox 92 1990 1225 2037; baseline -0.004 -10"><span class='ocrx_word' id='word_1_160' title='bbox 92 2003 126 2027; x_wconf 87' lang='lat' dir='ltr'>et</span> <span class='ocrx_word' id='word_1_161' title='bbox 151 1994 231 2028; x_wconf 87' lang='lat' dir='ltr'>Litt.</span> <span class='ocrx_word' id='word_1_162' title='bbox 254 1995 353 2029; x_wconf 82' lang='lat' dir='ltr'>Ilum.</span> <span class='ocrx_word' id='word_1_163' title='bbox 375 1994 594 2028; x_wconf 75' lang='lat' dir='ltr'>Berolinensis</span> <span class='ocrx_word' id='word_1_164' title='bbox 618 2004 688 2028; x_wconf 86' lang='lat' dir='ltr'>ann.</span> <span class='ocrx_word' id='word_1_165' title='bbox 721 1994 816 2037; x_wconf 78' lang='lat'>1756.</span> <span class='ocrx_word' id='word_1_166' title='bbox 851 1993 949 2026; x_wconf 88' lang='lat' dir='ltr'>Tom.</span> <span class='ocrx_word' id='word_1_167' title='bbox 979 1990 1052 2025; x_wconf 88' lang='lat' dir='ltr'><strong>XII.</strong></span> <span class='ocrx_word' id='word_1_168' title='bbox 1091 1990 1225 2024; x_wconf 87' lang='lat' dir='ltr'>Titulus</span> 
     </span>
     <span class='ocr_line' id='line_1_27' title="bbox 91 2047 1224 2094; baseline -0.003 -11"><span class='ocrx_word' id='word_1_169' title='bbox 91 2050 186 2094; x_wconf 76' lang='lat' dir='ltr'>ipsius</span> <span class='ocrx_word' id='word_1_170' title='bbox 209 2053 500 2086; x_wconf 81' lang='lat' dir='ltr'>Commentationis</span> <span class='ocrx_word' id='word_1_171' title='bbox 531 2060 601 2084; x_wconf 89' lang='lat' dir='ltr'>cst:</span> <span class='ocrx_word' id='word_1_172' title='bbox 624 2049 809 2083; x_wconf 73' lang='lat' dir='ltr'>Recherclzes</span> <span class='ocrx_word' id='word_1_173' title='bbox 827 2049 886 2092; x_wconf 75' lang='lat' dir='ltr'>fitr</span> <span class='ocrx_word' id='word_1_174' title='bbox 909 2058 951 2082; x_wconf 83' lang='lat' dir='ltr'>un</span> <span class='ocrx_word' id='word_1_175' title='bbox 971 2050 1116 2092; x_wconf 77' lang='lat' dir='ltr'>Principe</span> <span class='ocrx_word' id='word_1_176' title='bbox 1136 2047 1224 2089; x_wconf 83' lang='lat' dir='ltr'>fixe,</span> 
     </span>
     <span class='ocr_line' id='line_1_28' title="bbox 91 2105 1224 2151; baseline -0.003 -11"><span class='ocrx_word' id='word_1_177' title='bbox 91 2111 146 2150; x_wconf 87' lang='lat' dir='ltr'>qui</span> <span class='ocrx_word' id='word_1_178' title='bbox 180 2108 272 2151; x_wconf 69' lang='lat' dir='ltr'>serve</span> <span class='ocrx_word' id='word_1_179' title='bbox 299 2111 320 2141; x_wconf 75' lang='grc' dir='ltr'>[ὶ</span> <span class='ocrx_word' id='word_1_180' title='bbox 367 2110 544 2151; x_wconf 71' lang='lat' dir='ltr'>distinguer</span> <span class='ocrx_word' id='word_1_181' title='bbox 570 2109 610 2140; x_wconf 83' lang='lat' dir='ltr'>les</span> <span class='ocrx_word' id='word_1_182' title='bbox 637 2108 759 2141; x_wconf 61' lang='lat' dir='ltr'>deroim</span> <span class='ocrx_word' id='word_1_183' title='bbox 785 2107 824 2140; x_wconf 82' lang='lat' dir='ltr'>cle</span> <span class='ocrx_word' id='word_1_184' title='bbox 849 2107 883 2139; x_wconf 81' lang='lat' dir='ltr'>la</span> <span class='ocrx_word' id='word_1_185' title='bbox 925 2105 1049 2139; x_wconf 58' lang='lat' dir='ltr'>Mor-Me</span> <span class='ocrx_word' id='word_1_186' title='bbox 1080 2105 1119 2138; x_wconf 86' lang='lat' dir='ltr'>de</span> <span class='ocrx_word' id='word_1_187' title='bbox 1144 2115 1224 2144; x_wconf 55' lang='lat' dir='ltr'>cemg,¹</span> 
     </span>
     <span class='ocr_line' id='line_1_29' title="bbox 90 2164 589 2208; baseline 0 -11"><span class='ocrx_word' id='word_1_188' title='bbox 90 2164 133 2197; x_wconf 84' lang='lat' dir='ltr'>du</span> <span class='ocrx_word' id='word_1_189' title='bbox 156 2165 244 2199; x_wconf 62' lang='lat' dir='ltr'>,droit</span> <span class='ocrx_word' id='word_1_190' title='bbox 267 2165 431 2206; x_wconf 68' lang='lat' dir='ltr'>Nalm-el,</span> <span class='ocrx_word' id='word_1_191' title='bbox 455 2175 489 2207; x_wconf 87' lang='lat' dir='ltr'>p.</span> <span class='ocrx_word' id='word_1_192' title='bbox 512 2174 589 2208; x_wconf 84' lang='lat'><strong>450.</strong></span> 
     </span>
    </p>
   </div>
  </div>
 </body>
</html>
