1519 2729
737 210 965 268 (98)

343 353 429 395 A'e'r
452 345 797 404 atmos‘phaericus
833 363 959 405 purus
999 349 1309 392 electricitatem
1343 351 1416 394 ha*-

288 423 358 464 bet
383 425 548 464 vitream
566 453 579 472 ,
625 421 740 474 cujus
770 421 970 462 intenfitas
999 431 1061 461 est
1084 420 1230 474 exigua
1254 430 1294 465 et
1320 434 1413 463 cum

287 492 498 534 altitudine
528 491 675 532 crescit
705 488 800 544 (1).
875 489 988 532 Haec
1016 489 1261 531 electricitas
1286 489 1327 530 in
1354 503 1414 532 at-

284 562 522 615 mosphaera
575 560 704 614 sparsa
764 572 805 601 et
856 553 983 602 libera
1034 571 1095 601 est
1112 591 1124 609 ‚
1183 571 1224 599 et
1275 560 1414 602 eadem

281 633 504 684 quantitate
533 632 572 671 in
593 630 699 671 nube
726 630 863 681 adest,
894 644 973 684 qua
998 631 1040 670 in
1067 630 1170 670 aeris
1194 629 1318 669 massa
1342 641 1415 669 an-

284 709 324 739 te
348 700 496 740 nubem
527 699 753 740 formatam.
1055 740 1057 742 ,

288 793 291 796 -
337 767 381 809 Si
404 769 486 823 jam
515 770 556 809 in
582 771 673 810 aere
703 768 912 822 pellucido
940 769 1059 809 nubis
1088 769 1244 819 oritur,
1287 781 1413 822 opor-

280 849 337 879 tet
366 851 411 880 ut
441 838 686 880 electricitas
713 839 762 879 ad
787 837 1048 880 veficularum
1065 868 1079 888 ‚
1110 851 1133 878 e
1159 838 1308 892 quibus
1338 849 1413 883 nne

277 908 340 950 bis
368 908 544 959 constat,
575 921 714 963 vergat
739 908 1021 961 superficiem3
1066 909 1139 949 hae
1170 909 1276 965 enim
1302 907 1411 949 elec-

279 980 466 1020 tricitatis
492 980 579 1020 sunt
609 979 897 1021 conductores.
967 977 1128 1020 Exinde
1167 978 1413 1021 electricita-

278 1051 329 1090 tis
355 1050 479 1090 tenfio
501 1050 581 1104 jam
607 1061 724 1090 aucta
750 1061 812 1089 est
828 1079 841 1098 ,
873 1049 998 1102 magis
1027 1059 1159 1089 autem
1187 1047 1256 1089 illa
1287 1049 1412 1089 tenfio

277 1120 490 1174 augebitur
506 1149 519 1168 ‚
551 1120 577 1161 fi
603 1122 729 1174 magis
754 1119 858 1161 adse
889 1120 1063 1159 invicem
1091 1118 1285 1160 accedant
1312 1118 1411 1160 vess-

276 1188 390 1230 culae
408 1218 421 1237 ,
466 1200 507 1229 et
545 1189 693 1230 nubem
730 1189 909 1230 forment
936 1201 1120 1243 magnam
1146 1199 1187 1228 et
1217 1187 1410 1239 densam;

275 1260 356 1300 hoc
383 1259 488 1299 enim
521 1259 561 1300 in
592 1258 682 1300 casu
715 1260 897 1299 omnium
938 1257 1200 1299 veficularum
1244 1257 1408 1298 electri-

273 1331 374 1370 eitas
406 1330 737 1371 concentrabitur
762 1329 812 1369 ad
840 1328 962 1369 nubis
1005 1327 1291 1382 superficiem,
1336 1327 1408 1371 ubi

275 1400 494 1441 servabitur
518 1401 719 1452 pressione
744 1399 845 1439 ae‘ris
874 1396 970 1451 (2).

279 1491 284 1496 ·
330 1469 476 1511 Nubes
504 1480 638 1508 autem
667 1467 914 1520 procellosas
945 1466 1081 1508 densas
1111 1464 1195 1506 esse
1221 1477 1263 1506 et
1296 1480 1408 1522 mag·

271 1552 370 1588 nas,
401 1552 451 1580 ex
479 1549 620 1592 magna
645 1548 754 1589 patet
784 1550 909 1592 aquae
939 1538 1186 1590 quantitate,
1218 1549 1322 1590 quae
1350 1550 1404 1579 ex

270 1610 353 1651 illis
381 1597 546 1650 decidit.
606 1607 814 1649 Praeterea
840 1609 1024 1658 oriuntur
1058 1607 1130 1648 hae
1160 1607 1292 1647 nubes
1319 1606 1405 1648 fere

270 1680 426 1732 semper
468 1677 636 1727 aestate,
683 1691 766 1731 quo
802 1679 893 1718 anni
922 1687 1104 1729 tempore
1131 1678 1200 1718 aer
1225 1677 1405 1730 plerum·

271 1762 350 1803 que
379 1760 559 1803 magnam
590 1760 715 1802 aquae
743 1759 941 1802 vaporum
980 1746 1166 1788 continet
1202 1747 1404 1800 quantita-

271 1832 380 1868 tem,
412 1819 466 1859 ob
482 1818 675 1859 elevatam
692 1849 705 1866 ‚
737 1831 815 1871 qua
842 1828 938 1857 tunc
962 1816 1132 1870 gaudet,
1159 1807 1403 1871 temperatu-

269 1901 352 1931 ram
369 1920 382 1939 ‚
413 1902 532 1942 quam
562 1890 616 1929 ob
639 1890 794 1930 causam
811 1919 825 1937 ‚
856 1886 993 1927 eadem
1021 1898 1313 1940 temperaturae
1342 1887 1403 1927 di·

273 1961 526 2011 minutione,
557 1959 694 2017 plures
733 1957 1076 2014 vapores.statum
1114 1956 1236 2003 fluidi.
1266 1957 1401 2001 elasti-

1359 2039 1397 2068 ει

315 2139 378 2185 (ι)
402 2142 502 2177 conf.
525 2130 558 2175 ‘B
574 2128 620 2175 1'0
635 2150 648 2175 t
662 2167 673 2182 ,
715 2143 825 2178 Trana
844 2134 884 2176 de»
913 2140 1056 2187 Plffque
1076 2140 1196 2185 Exper.
1222 2145 1256 2174 ee
1285 2138 1398 2175 Mam.

266 2195 363 2231 Tom.
388 2197 430 2231 H.
456 2207 528 2239 pag.
557 2208 622 2242 454
645 2198 738 2242 seqq.

313 2250 376 2298 (2)
399 2252 475 2288 vid.
504 2254 530 2288 B
548 2255 647 2297 iot,
671 2256 694 2291 l.
714 2256 736 2290 l.
765 2256 863 2292 Tom.
892 2256 936 2292 11.
962 2263 1035 2298 pag.
1056 2253 1133 2297 265·
