1519 2729
578 165 806 225 (79)

193 306 291 350 Hoc
332 307 462 348 studio
503 306 647 348 ductus
675 305 776 347 nihil
818 306 856 346 ei
898 315 959 347 est
988 304 1246 359 praestantius

136 376 363 418 moralitate
393 388 434 416 et
461 377 565 417 vitae
594 377 850 430 integritate,
883 376 1016 417 omnia
1031 377 1250 418 vincit0b·

134 445 310 488 stacula:
355 458 485 499 neque
517 445 622 486 ullus
649 446 794 495 labor,
840 446 904 486 vel
943 445 1113 487 aliorum
1147 459 1248 488 con·

135 526 312 564 ternum,
344 528 394 556 ne
425 517 568 556 mortis
599 516 762 568 quidem
789 529 944 570 poena,
975 516 1055 557 hoc
1082 515 1248 567 valent,

133 596 179 627 ut
219 598 311 626 eum
354 599 376 626 a
415 587 563 626 virtute
600 597 786 626 avocent.
875 585 1113 627 Contemnit
1138 588 1247 627 enim

106 661 337 705 'mortem,
379 656 448 697 nifi
490 656 526 695 ei
566 655 735 696 honeste
766 657 901 696 vivere
940 656 1074 696 liceat.
1106 672 1140 681 -
1168 654 1247 696 Ni-

135 726 299 766 tendum
356 725 430 767 hac
484 726 641 766 ratione
697 727 808 766 omni
864 739 944 779 ope
988 725 1153 774 censet,
1202 736 1248 765 ut

134 795 334 848 quicquid
363 797 549 849 cogitet,
595 795 793 849 quicquid
833 796 1003 846 sentiat,
1046 795 1246 848 quicquid

133 865 309 918 denique
340 866 508 918 cupiat,
539 866 581 906 id
611 866 764 906 bonum
795 865 840 905 fit
869 876 988 918 atque
1020 865 1245 906 honesturn.

190 934 260 976 Sic
295 934 426 983 illud,
470 935 581 987 quod
609 935 679 976 fibi
711 936 813 975 ratio
839 936 1019 988 practica
1045 937 1245 988 imponit,

130 1014 416 1058 praeceptum:
434 1005 517 1045 cole
534 1004 766 1044 virtutem!
789 1005 1060 1057 cognoscere,
1078 1007 1246 1057 eiusque

96 1072 99 1074 ’
131 1068 398 1127 dignitatem,
431 1074 457 1113 fi
488 1073 614 1114 modo
633 1072 675 1114 id
701 1074 811 1114 omni
841 1085 920 1126 ope
948 1075 1120 1123 nitatur,
1153 1087 1245 1127 pet-

132 1143 269 1196 cipere
297 1155 348 1183 ex
390 1144 511 1183 animi
539 1143 596 1185 sui
627 1143 862 1184 condiclone
903 1143 1035 1194 valet;
1080 1155 1121 1184 et
1156 1145 1245 1185 sen-

131 1203 175 1254 su
216 1223 420 1266 praeterea
462 1213 750 1255 iucundisfimo
776 1213 973 1264 afficitur,
1019 1226 1063 1255 ut
1102 1215 1246 1256 virtuti

130 1281 295 1323 studeat.
370 1282 520 1324 Omnia
550 1296 643 1324 eum
685 1283 733 1324 ad
772 1286 949 1330 μουσικὴν
979 1285 1089 1325 illam
1128 1286 1244 1332 μεγί-

127 1367 223 1403 ςην,
257 1351 337 1407 (1)
369 1367 447 1407 qua
475 1353 560 1407 ipsa
588 1355 714 1394 virtus
751 1365 790 1393 et
829 1353 1019 1407 sapientia
1059 1356 1247 1396 contine⁴

130 1435 224 1474 tur,
253 1424 434 1474 ducuntt,
467 1425 603 1464 omnia
632 1424 751 1464 finem
779 1424 1014 1475 sublimem,
1044 1425 1096 1466 ad
1123 1437 1246 1480 quem

127 1505 245 1536 natus
272 1505 360 1543 est,
388 1493 613 1535 ostendunt.
1014 1545 1016 1548 ,

186 1563 306 1606 Hanc
347 1565 480 1620 legem
531 1563 724 1605 moralem
769 1565 840 1619 qui
885 1565 1136 1615 confiderat,
1193 1563 1246 1606 ad

131 1647 300 1687 eamque
345 1634 383 1675 se
421 1635 705 1683 conformare,
748 1647 799 1675 ex
837 1646 999 1676 naturae
1039 1636 1245 1688 animique

133 1704 370 1745 conditione
392 1716 433 1744 et
463 1704 591 1752 iussu,
616 1704 772 1753 studet,
804 1705 929 1746 multa
956 1707 1153 1746 continuo
1182 1707 1244 1744 vi-¹

133 1776 215 1824 tia,
246 1775 398 1816 multos
439 1787 623 1825 errores,
671 1773 814 1815 dolens
842 1775 1142 1824 animadvertit,
1185 1785 1244 1815 at-

133 1858 213 1899 que
239 1848 292 1886 ita
310 1846 381 1885 hae
411 1845 624 1886 facultates
641 1856 810 1893 cavent,
836 1858 886 1885 ne
913 1846 1102 1894 φιλαυτία
1129 1846 1245 1893 cius,

133 1928 238 1968 quae
266 1927 338 1968 per
366 1915 403 1954 se
432 1915 538 1955 bona
565 1928 626 1957 cst
656 1925 776 1968 atque
801 1915 933 1963 utilis,
972 1926 1128 1968 praeter
1157 1927 1246 1955 mo-

132 1987 228 2028 dum
271 1996 461 2040 augeatur
504 1997 545 2026 ct
599 1987 640 2026 iu
686 1986 954 2040 arrogantiam
991 1985 1244 2038 aliorumque

1144 2067 1244 2096 con-

177 2141 241 2188 (1)
266 2145 438 2184 Plato,
472 2145 503 2177 in
539 2144 725 2186 Phaedone,
755 2156 785 2180 c.
819 2157 853 2189 4.
892 2154 926 2181 et
957 2145 1243 2189 wyttenba-

133 2201 260 2244 chii,
282 2202 371 2236 Am).
393 2213 427 2245 p.
453 2210 527 2245 127.

1162 2302 1167 2322 1
