1519 2729
576 150 805 212 (79)

122 294 430 346 tantummodo,
488 300 538 332 ne
579 292 864 345 repetitionem
908 285 1160 336 incid-amm,
1204 286 1255 328 de

123 367 204 408 illis
228 367 323 406 huic
352 363 529 404 theoriae
562 362 770 415 propriis,
815 371 856 400 et
895 356 1060 413 quidem
1102 356 1257 408 praeci„

122 449 202 492 pue
240 436 289 476 de
328 433 545 487 vaporibus
586 431 900 479 veficularibus,
944 428 1003 468 uti
1044 425 1125 479 Jam
1154 425 1256 466 dixi-

124 519 211 548 mus
238 507 279 546 in
307 505 485 544 theoriae
514 501 582 542 CIV.
609 501 819 556 Monge
849 497 1155 553 dijudicatione.
1295 549 1298 552 Ι

181 575 298 631 Quae
326 574 503 627 disputat
531 572 592 612 de
623 571 648 611 S
665 558 830 612 auasu
847 582 901 610 re
930 569 978 609 de
1005 565 1131 608 fluido
1159 564 1258 605 veii-

123 646 281 688 culares
309 656 479 698 vapores
506 643 708 683 ambiente
747 653 787 682 et
827 639 1022 693 implente
1039 667 1052 686 ‚
1096 649 1118 676 a
1146 646 1259 690 recta

124 716 306 756 aberrare
336 716 400 754 via
429 713 526 753 mihi
555 711 767 753 videntur:
792 710 1017 765 *generatim
1045 707 1152 746 enim
1170 703 1258 745 flui-

126 786 175 826 da
220 787 295 826 ista
329 783 489 824 subtilia
526 787 606 823 non
648 781 736 822 sunt
772 778 1032 826 assumenda,
1076 776 1144 815 nisi
1181 775 1259 815 alia

125 854 288 910 prorsus
301 854 514 895 deficiente
529 852 803 906 explicatione
814 880 827 900 ,
860 862 952 890 cum
984 847 1141 896 onmia,
1156 856 1259 898 quae

126 925 176 966 de
201 936 342 965 eorum
367 922 577 963 existentia
603 922 738 962 dicere
765 918 978 974 possumus
994 946 1008 967 ,
1046 927 1156 956 mere
1185 915 1261 956 sint

126 993 406 1048 hypothetica.

183 1063 312 1120 Quod
331 1075 466 1103 autem
489 1060 556 1103 Cl.
582 1061 633 1102 M
648 1075 712 1103 on
727 1074 789 1117 ge
822 1056 1061 1108 contendit,
1092 1056 1170 1097 hos
1191 1067 1261 1097 va-

125 1148 246 1190 pores
272 1134 364 1174 aere
390 1132 474 1173 esse
503 1133 707 1186 graviores
724 1163 739 1182 2
769 1144 862 1173 cum
904 1125 1258 1169 observationibus

126 1205 195 1247 cl.
226 1204 286 1245 de
317 1203 342 1244 S
360 1217 422 1244 au
439 1201 595 1243 ssure
626 1213 708 1241 non
735 1200 957 1247 convenit,
998 1210 1090 1239 cum
1122 1194 1261 1236 obser-

125 1276 279 1317 vaverit
304 1273 432 1314 nubes
448 1303 461 1319 ,
493 1283 680 1326 tempore
705 1273 826 1312 etiam
856 1267 1104 1322 tranquillo,
1136 1267 1177 1306 in
1194 1257 1260 1306 a‘e'ss

125 1357 170 1387 re
210 1355 389 1385 natantes
407 1373 418 1393 ‚
465 1343 576 1392 imo,
620 1343 722 1382 aeris
760 1340 963 1394 presfione
1006 1349 1146 1385 aucta,
1192 1336 1263 1376 ad-

128 1414 392 1462 scendentes,
435 1425 514 1465 qua
569 1411 850 1452 observatione
897 1409 1042 1449 horum
1089 1406 1262 1456 levitas,

129 1497 214 1539 quo
240 1484 291 1524 ad
314 1485 446 1530 aerem
463 1512 476 1533 ‚
507 1481 680 1536 probata
705 1480 804 1521 mihi
827 1479 999 1520 videtur.

188 1554 214 1595 S
230 1568 252 1595 a
264 1567 290 1594 u
307 1566 324 1593 s
341 1553 396 1594 su
409 1565 428 1594 r
443 1565 465 1592 e
495 1552 659 1594 directis
674 1549 1027 1593 observationibus
1041 1546 1233 1601 probavit
1248 1577 1262 1596 ‚

131 1623 368 1667 veficulares
411 1622 494 1664 esse
534 1620 615 1677 (ι)
660 1634 862 1676 vaporeS‚
891 1621 1043 1670 nubem
1072 1617 1266 1660 constitu-

132 1705 259 1734 enteS.

191 1756 408 1805 Caeterurn
437 1762 526 1803 Viri
550 1761 619 1803 Cl.
645 1761 762 1803 labor
786 1761 847 1802 his
873 1762 915 1800 in
952 1759 1073 1800 rebus
1089 1788 1103 1808 ‚
1134 1760 1193 1798 uti
1223 1769 1265 1798 et

135 1835 175 1874 in
227 1833 316 1874 aliis
363 1832 696 1887 meteorologicis
749 1831 865 1872 valde
916 1828 1137 1870 laudandus
1179 1839 1270 1879 est;

134 1906 288 1960 primus
317 1903 395 1945 fuit
423 1904 493 1957 qui
523 1902 786 1944 determinare
826 1899 974 1941 studuit
1012 1900 1271 1953 evaporatio-

1206 1982 1271 2010 nis

183 2071 246 2119 (1)
271 2075 371 2109 Conf.
395 2073 437 2107 de
467 2074 557 2107 hisce
585 2072 762 2116 vaporibus
789 2071 825 2105 N
841 2080 859 2104 e
875 2079 943 2104 um
957 2079 974 2103 a
988 2080 1009 2103 n
1024 2080 1043 2103 n
1059 2095 1070 2110 ‚
1095 2070 1117 2104 1.
1132 2070 1156 2104 l.
1172 2071 1272 2105 Tom.

136 2134 182 2168 Π.
209 2142 282 2175 pag.
310 2132 392 2174 169,
418 2139 452 2164 et
480 2131 509 2177 J.
540 2131 580 2165 T.
607 2131 648 2164 M
663 2140 680 2164 a
695 2141 716 2174 y
732 2140 750 2163 e
767 2139 784 2162 ι·
799 2153 809 2171 ,
841 2126 1008 2163 Lamban-‚⁷1
1026 2128 1105 2162 tiber
1123 2128 1175 2161 die
1187 2126 1271 2171 Phy-

128 2189 208 2234 ficlxe
230 2190 424 2224 Asza'vnomie
447 2195 505 2223 etc.
525 2198 598 2230 pag.
628 2199 701 2234 ¹79·
