1519 2729
551 200 773 261 (τι)

102 348 323 394 universam
365 346 539 399 aliquam
584 344 718 400 legem
759 352 842 381 non
883 335 1004 379 facile
1039 335 1222 389 posuerit

102 421 218 463 Kan
236 420 367 460 tius.
429 415 568 456 Servat
593 403 661 454 illa
689 426 711 453 e
741 412 855 453 fonte
891 408 985 456 suo,
1029 408 1051 445 e'
1079 405 1223 445 Ratio-

102 503 185 541 ne,
227 501 327 543 quae
357 499 439 528 non
469 485 537 526 nifi
568 483 805 526 universalia
848 479 1012 533 quaevis
1041 476 1225 529 spectat,

103 561 242 603 verum
273 559 385 601 suum
411 556 633 597 criterium.
665 574 710 582 —
742 550 941 592 Absolute
973 559 1137 601 quoque
1157 556 1230 584 ne-

40 648 43 651 ’
107 631 278 673 cessaria
313 637 505 682 apparet:
546 624 659 678 ipsa,
690 635 792 677 quae
821 622 862 662 in
888 619 1008 659 nobis
1036 627 1125 664 est,
1168 626 1229 654 ra-

104 703 217 744 tione
271 712 355 740 non
390 697 505 739 aliter
546 694 654 737 velle
694 691 897 748 jubemur.
969 688 1232 728 Concentum

105 774 224 814 unice
250 772 379 824 petit,
412 781 504 809 eum
533 778 618 808 tum
647 764 808 805 demum
836 772 975 801 nostra
1000 755 1146 811 agendi
1170 766 1232 794 ra-

107 845 168 884 tio
197 836 440 896 (maxime)
468 834 781 888 valere-possa,
813 834 839 874 fi
869 841 1008 872 omnes
1034 827 1079 868 eri
1107 824 1235 866 teneri

107 912 275 967 possunt
305 910 504 950 homines.
535 920 580 928 -
612 904 692 945 Sed
723 903 928 945 criterium
967 908 1121 939 tantum
1166 893 1236 934 dat

107 981 252 1037 agendi
281 990 441 1020 nostrae
471 976 642 1024 rationi,
672 986 755 1014 non
782 985 879 1013 vero
904 969 1008 1023 ipsas
1032 967 1151 1022 jubet
1165 976 1234 1003 ac-

108 1054 271 1101 tionest,
316 1049 512 1090 summum
545 1047 681 1098 itaque
725 1038 1048 1082 merito‘haberi
1097 1043 1236 1088 potest

108 1121 356 1176 principium
373 1149 386 1168 ‚
418 1130 502 1172 quo
528 1114 631 1156 nihil
661 1114 828 1155 omnino
854 1109 1034 1162 superius
1060 1105 1144 1146 dari
1159 1117 1237 1157 po-

110 1204 218 1242 test:,
263 1188 482 1231 materialia
524 1187 661 1227 omnia
696 1195 736 1224 et
777 1179 1045 1234 hypothetica
1072 1176 1237 1230 rejicit,

109 1261 293 1305 formalis
316 1272 468 1301 tantum
498 1269 559 1298 est
585 1269 625 1298 et
641 1254 889 1309 Categorice
903 1249 1046 1305 jubet:
1079 1277 1106 1300 „
1130 1247 1241 1299 quis-

110 1362 140 1387 „
170 1333 260 1386 quis
288 1330 364 1371 tibi
388 1329 477 1369 finis
502 1329 546 1369 fit
563 1326 818 1380 propositus,
850 1321 932 1376 legi
957 1313 1242 1370 obtempera.”

172 1401 416 1455 Explicatur
445 1398 514 1439 illa
544 1397 610 1438 lex
647 1410 669 1436 a
699 1394 810 1436 Kan
829 1392 912 1432 tio
947 1389 1100 1430 duabus
1124 1386 1240 1427 aliis:

109 1474 196 1522 ita,
228 1473 388 1526 inquit,
421 1481 521 1524 age,
553 1480 598 1508 ut
614 1465 883 1511 humanitate,
911 1473 987 1500 nec
1017 1460 1057 1498 in
1076 1470 1142 1499 tua
1156 1468 1246 1510 per-

113 1541 238 1592 sona,
283 1554 357 1582 nec
403 1541 444 1579 in
480 1538 568 1579 aliis
609 1548 814 1589 unquam,
861 1544 936 1572 ceu
977 1543 1092 1571 mero
1120 1526 1171 1568 ad
1200 1525 1246 1566 fi-

113 1621 206 1650 nem
255 1611 432 1663 aliquem
485 1607 752 1649 obtinendum
806 1602 971 1650 medio,
1019 1600 1088 1639 sed
1131 1595 1246 1637 fimul

118 1689 304 1732 tanquam
344 1679 422 1719 fine
457 1678 545 1731 ipso
578 1676 734 1729 semper
774 1674 927 1720 utari83
974 1671 1014 1710 in
1052 1683 1103 1709 eo
1137 1670 1247 1707 enim

117 1750 289 1790 maxime
335 1747 525 1788 Rationis
576 1749 754 1787 cernitur
795 1744 994 1797 dignitas,
1039 1752 1080 1779 et
1121 1739 1248 1779 homo

119 1829 285 1872 apparet
312 1818 461 1859 summai
492 1817 557 1858 suri
571 1815 828 1870 praestantia,
860 1824 954 1861 aut,
985 1823 1106 1864 quam
1128 1808 1165 1849 K
1177 1820 1249 1848 an-

120 1889 201 1928 tiu
219 1900 236 1927 s
270 1887 371 1928 dixit
386 1884 725 1942 personalitate:
756 1884 1034 1936 unusquisque
1057 1880 1129 1920 fibi
1160 1878 1250 1918 finis

120 1968 200 2005 est,
250 1968 327 1997 nec
356 1969 433 2006 eo,
482 1968 668 2010 tanquam
698 1956 864 2002 medio,
903 1954 962 1994 uti
993 1951 1105 1992 licet.
1166 1948 1250 1989 Ra-

125 2030 185 2069 tio
213 2028 352 2068 eadem
381 2026 528 2080 gaudet
557 2027 682 2074 dote,
713 2038 757 2066 ut
785 2037 867 2065 non
896 2023 1051 2076 spectet
1072 2018 1248 2073 aliquid,

120 2110 234 2139 extra
261 2097 299 2137 se
329 2098 530 2149 pofitumj
562 2096 629 2137 sed
666 2097 739 2138 fibi
761 2095 850 2136 finis
879 2093 938 2135 fit.
999 2092 1060 2134 Ita
1087 2102 1252 2146 quoque

122 2169 192 2210 illa
222 2167 310 2210 Lex
338 2167 568 2209 secundaria
597 2166 663 2209 seu
693 2165 966 2219 explicativa,
1012 2162 1136 2204 suum
1161 2161 1254 2202 fon-

125 2250 207 2282 tem
246 2239 409 2294 egregie
449 2238 585 2280 refert.
627 2250 632 2258 ·
677 2236 960 2292 Metaphyfice
999 2244 1164 2288 quoque
1201 2233 1256 2270 ita

1188 2314 1256 2341 ex-
