1519 2729
652 128 712 185 ’“(
770 143 853 188 232
911 128 938 185 )

257 280 466 320 mentum,
511 279 629 310 acute
677 266 959 310 demonstravit
996 265 1259 320 Sypkens
1288 261 1386 319 (1).

255 340 465 382 Summum
492 341 627 393 itaque
653 340 718 394 jus
744 341 891 381 merito
921 339 1070 380 dicitur
1106 336 1256 377 summa
1280 334 1385 388 inju-

254 412 341 460 ria,
371 411 414 451 id
433 423 494 451 est
523 410 744 465 turpitudo.
804 409 900 451 Hoc
927 422 1024 450 vero
1050 421 1072 448 a
1100 407 1268 447 notione
1282 404 1384 459 juris

254 480 371 522 nullo
412 480 536 522 modo
578 479 717 536 divelli
756 492 894 535 potest
925 477 1020 533 (2).
1080 476 1273 518 Creditor
1313 476 1391 514 ita-

255 563 337 606 que
360 549 458 592 licet
485 550 726 599 ditissimus,
764 550 863 591 licet
891 549 989 603 fingi
1021 545 1156 601 posset
1183 557 1389 599 nunquam

255 623 300 663 in
327 632 535 676 posterum
564 621 655 661 fore
700 631 875 674 egenus‚
922 619 1082 670 optimo
1127 628 1258 656 tamen
1300 615 1391 669 jure

254 691 396 747 (certe
430 703 512 732 non
538 686 709 745 injurizi)
741 688 967 735 debitorem
997 685 1107 726 suum
1125 715 1138 734 ‚
1176 683 1391 738 patremfa-

256 761 416 809 minas,
446 771 636 810 excutere
665 756 832 812 pbsset‚
877 768 1053 809 eumque
1083 768 1176 796 cum
1203 765 1332 795 uxore
1351 763 1394 793 et

255 830 398 872 liberis
425 830 475 871 ad
500 829 642 870 ultima
666 828 831 881 quaevis
859 825 1056 866 adducere
1089 823 1392 876 omnibusque,

257 902 387 942 immo
421 901 500 949 iis,
532 912 634 953 quae
664 898 714 939 ad
751 899 875 938 vitam
915 894 1209 938 sustentandam
1251 905 1393 934 neces-

258 969 357 1011 saria
384 969 498 1019 sunt,
528 971 686 1023 privare
719 967 813 1022 (3).
876 1008 881 1009 ⁷

317 1038 534 1081 Debitoris
574 1039 682 1078 enim
725 1036 835 1078 illius
858 1037 923 1091 jus
950 1048 1032 1077 non
1057 1034 1256 1082 laeditur,
1301 1045 1394 1073 nam

261 1110 443 1151 debitum
486 1107 616 1157 illud,
660 1107 772 1161 quod
802 1108 1006 1161 exigitur,
1051 1107 1198 1155 merito
1223 1103 1394 1145 habetur

258 1180 388 1221 veluti
428 1179 478 1220 ad
518 1178 730 1219 creditoris
769 1180 911 1222 orbem
947 1175 1165 1221 transiisse.
1234 1174 1279 1214 In
1321 1171 1394 1220 suo

257 1251 395 1305 itaque
435 1250 535 1291 orbe
561 1259 694 1289 manet
725 1248 874 1301 impius
912 1245 1011 1296 ille,
1047 1257 1123 1286 nec
1157 1246 1198 1285 in
1231 1243 1395 1284 alterius

259 1321 446 1363 transiliit
473 1320 578 1362 unde
603 1321 643 1360 vi
666 1319 789 1373 dejici
818 1316 966 1370 posset.

272 1418 275 1422 ⁴
316 1391 395 1433 Est
422 1391 628 1435 enirnhic
658 1391 779 1429 etiam
807 1385 1005 1429 libertatis
1036 1385 1242 1426 humanae.
1272 1382 1403 1424 effec-r

261 1473 353 1512 tus,
397 1474 443 1503 ut
485 1462 534 1502 de
577 1460 652 1501 sua‘
683 1459 871 1500 libertate
908 1469 985 1510 pro
1014 1455 1146 1496 lubitu
1178 1455 1395 1507 disponere

256 1533 388 1574 homo
403 1542 523 1585 queat
539 1562 552 1580 ,
583 1543 656 1583 per
671 1540 789 1582 pacta
805 1538 846 1567 et
860 1527 1153 1567 conventiones
1169 1525 1218 1565 de
1236 1524 1307 1565 suo
1323 1521 1395 1563 ali-

258 1601 357 1656 quid
385 1600 500 1643 alteri
521 1599 816 1648 concedendo,
847 1599 888 1638 in
919 1595 1042 1650 quod¹
1063 1595 1289 1649 acquirenti
1330 1593 1398 1647 jus

1307 1674 1395 1703 nas-

307 1771 374 1821 (1)
399 1775 419 1808 S
435 1783 457 1818 y
471 1783 492 1817 p
507 1773 529 1806 k
545 1781 562 1806 e
578 1782 599 1806 n
614 1782 628 1806 s
640 1796 651 1814 ‚
677 1771 710 1805 in
737 1764 906 1806 comment}
933 1768 1021 1803 laud.

306 1829 373 1878 (α)
396 1832 490 1866 Kan
506 1840 544 1872 t,
569 1831 591 1864 1.
612 1820 634 1864 ι’.
659 1828 796 1869 Anhang
817 1827 864 1860 N.
887 1817 973 1868 1.‘p.
998 1824 1072 1859 XL.

295 1885 377 1934 (3)
399 1888 429 1922 K
443 1896 522 1921 ant
539 1912 550 1928 ‚
589 1888 611 1922 1.
629 1887 650 1921 l.
673 1887 691 1930 §
717 1886 758 1920 E.
777 1894 811 1927 ρ,
832 1883 984 1917 XXXVI.
1030 1881 1123 1916 Idem
1155 1882 1250 1924 piane
1282 1885 1407 1912 exem-,

263 1945 485 1989 threfert
510 1945 539 1978 G
557 1944 750 1984 rotius,
772 1941 811 1974 de
830 1940 865 1976 J.
891 1941 932 1974 Β.
955 1947 986 1973 et
1011 1935 1398 1981 P.111.13.4.1.110c

269 2010 307 2036 et
325 2002 384 2036 azia
405 2003 492 2036 inter
513 2000 719 2035 Kantium
748 2006 783 2033 et
813 1997 1022 2030 Grotium
1064 1994 1304 2038 congruentia,
1340 2000 1400 2024 ne-
1460 2000 1464 2004 ·

269 2058 390 2092 minem
421 2059 477 2092 vel
515 2068 557 2092 ex
598 2048 673 2091 hoc
692 2049 871 2100 specimine
899 2054 970 2088 sane
1003 2054 1171 2095 fiigerunt.
1217 2051 1307 2083 Vere
1341 2049 1400 2081 ita-

272 2123 341 2158 que
376 2116 604 2159 pronunciavit
643 2115 673 2148 G
691 2124 705 2146 r
719 2124 736 2146 a
752 2121 764 2145 t
778 2123 873 2146 ama
908 2113 939 2144 in
962 2110 1044 2155 Thefi
1068 2111 1093 2144 Ι.
1118 2116 1192 2151 post
1211 2105 1297 2148 Diss.
1313 2105 1411 2138 laud:

273 2171 375 2208 conf.
383 2169 620 2215 Rechtsgeleerd
630 2172 806 2217 libzgazffn
821 2179 879 2204 van
889 2169 994 2204 Profi--
1002 2168 1033 2201 G
1049 2176 1064 2199 ι·
1075 2176 1091 2199 a
1104 2175 1114 2199 t
1129 2176 1145 2199 a
1157 2175 1187 2198 m
1196 2175 1212 2198 a
1221 2190 1232 2207 ,
1245 2165 1281 2198 P.
1297 2165 1323 2197 l.
1332 2162 1402 2195 init.
