1519 2729
537 159 789 214 (203)

167 294 213 335 In
239 294 330 351 lege
361 295 443 349 ipsa
468 296 611 337 morali
646 296 747 337 nihil
789 309 849 338 est
892 296 1202 350 hypotheticum
1221 305 1237 349 ‚‘

109 375 246 418 potest
273 378 371 406 vero
396 365 479 406 esse
510 367 549 406 in
579 366 794 420 disciplina
823 367 994 417 morali,
1026 381 1127 420 quae
1154 381 1236 409 am-

109 435 304 488 plectitur
348 437 482 476 omnia
523 448 597 485 ea,
622 428 744 489 'quae
795 438 960 489 possent
1001 437 1084 477 esse
1124 438 1236 493 leges

108 505 377 546 universales:
422 507 463 545 in
507 507 555 546 iis
585 508 709 561 igitur
738 506 858 547 facile
889 508 1087 548 inveneris
1118 521 1240 561 quae<

108 576 225 624 dam,
258 588 359 629 quae
389 575 523 617 secum
553 578 726 617 invicem
752 589 828 617 una
869 576 1076 619 subsistere
1117 590 1238 630 atque

108 646 221 688 fimul
249 645 433 699 praestari
473 659 555 688 non
585 646 752 702 possent
790 648 859 688 nifi
890 648 1096 701 proposita
1129 647 1231 690 divi-

110 715 218 756 fione
249 727 377 758 utanS.

624 786 649 839 ς
680 785 754 828 lv.

167 924 410 981 Officiormn
443 924 736 980 perfectorum
770 938 812 969 et
839 926 1184 984 imperfectorum

259 994 262 996 ’
539 997 780 1051 primipia.

163 1137 370 1191 Principia
407 1150 499 1179 cum
533 1138 759 1180 officiorum
797 1136 1106 1191 perfectorum,
1154 1150 1239 1179 tum

109 1208 445 1262 imperfectorum
479 1207 567 1248 sunt
607 1208 782 1248 derivata
809 1221 831 1248 a
858 1208 1014 1248 summo
1044 1207 1120 1249 illo
1150 1221 1238 1248 mo-

108 1276 278 1320 talitatis
319 1279 558 1331 principio,
591 1277 703 1331 quod
755 1279 794 1317 iri
844 1276 993 1331 Capite
1026 1277 1058 1318 I.
1118 1278 1238 1318 tradi·-

110 1358 193 1388 tum
225 1358 299 1387 est.

166 1413 359 1456 Hominis
397 1417 633 1471 dignitatem
675 1416 790 1469 supra
833 1417 1168 1459 consideravimus
1197 1419 1239 1458 in

109 1497 189 1535 eo,
222 1487 334 1540 quod
365 1486 515 1528 summa
541 1486 728 1527 libertate
761 1487 939 1542 gaqdeat‘
970 1489 1012 1528 in
1051 1488 1236 1543 agendot,

111 1556 223 1610 quod
264 1570 347 1597 non
390 1559 484 1612 cogi
531 1557 656 1610 possst
685 1556 734 1597 ad
761 1557 960 1597 internum
989 1559 1205 1612 quidquam
1225 1589 1236 1606 ‚

110 1627 180 1667 nifi
210 1639 232 1666 a
263 1627 329 1667 sua
359 1629 479 1682 ipfius
503 1630 683 1677 rati0ne5,
716 1627 827 1680 quod
857 1640 940 1668 non
977 1615 1073 1682 σός-ἰ
1113 1628 1241 1681 possit,

53 1722 58 1726 ·
112 1695 162 1735 ad
188 1695 308 1736 finem
340 1698 411 1738 fibi
440 1699 781 1751 proponendum,
813 1698 883 1738 nifi
911 1698 960 1737 ab
992 1698 1090 1746 illa,
1135 1710 1238 1751 quae

114 1765 155 1804 in
186 1763 275 1818 ipso
304 1767 406 1807 inest
424 1797 436 1816 ,
468 1769 638 1808 rationis
665 1779 783 1807 voce.
845 1765 947 1807 Eam
976 1768 1100 1822 igitur
1124 1765 1240 1821 prae·-

111 1834 290 1880 stantiam
319 1849 438 1889 quam
462 1839 500 1877 in
531 1838 569 1878 se
598 1837 686 1890 ipso
711 1838 884 1890 quisque
927 1837 1208 1878 animadvertit
1225 1868 1237 1885 ‚

111 1904 345 1945 indistincte
374 1918 413 1946 et
443 1907 598 1962 semper
623 1907 662 1946 in
690 1906 780 1947 aliis
807 1909 987 1947 venerari
1016 1907 1136 1948 debet
1165 1908 1240 1949 ho-

113 1987 196 2014 mo.
256 1974 382 2016 Prout
408 1976 475 2017 illa
503 1977 677 2032 dignitas
700 1977 749 2017 ab
777 1977 942 2017 homine
971 1976 1086 2018 nullo
1114 1977 1240 2018 modo

110 2043 229 2084 avelli
267 2056 428 2097 potest,
472 2046 526 2086 ita
564 2045 721 2100 semper
763 2047 813 2087 ab
850 2046 937 2087 aliis
976 2048 1125 2089 intacta
1163 2047 1239 2088 lin-

111 2125 266 2167 quatur.

168 2184 408 2228 Officiorum
437 2187 560 2241 igitur
586 2187 862 2241 perfectorum
887 2187 1138 2241 principium
1171 2187 1240 2229 ha-

1145 2257 1238 2299 bea-
