1519 2729
542 173 795 230 (107)

108 316 226 371 gressi
255 314 409 356 fuerant
436 311 639 361 Hebraei,
670 325 715 353 ut
740 315 809 354 vix
850 309 932 352 ulla
967 306 1225 350 idololatriae

109 386 278 440 vestigia
312 395 527 439 appareant
569 396 642 435 per
680 393 809 423 totum
859 379 986 428 illud,
1045 378 1156 432 quod
1202 388 1226 416 a

106 454 235 496 Saulo
281 455 331 495 ad
375 454 636 494 Salomonem
690 464 815 505 usque
855 451 1006 491 effluxit
1047 459 1224 501 tempus,

109 523 316 579 Quodque
340 524 441 564 adeo
469 522 736 577 legislationis
774 520 988 562 Sina‘iticae
1033 516 1226 571 splendor

108 593 238 636 Mosis
263 605 389 635 aetate
419 594 524 647 apud
553 592 755 646 populum
785 592 940 631 efficere
966 601 1046 628 non
1078 598 1227 641 potue·

45 717 55 726 ν
109 676 194 713 rat,
226 665 266 705 id
293 664 462 705 Davidis
486 675 526 704 et
557 662 785 704 Salomonis
815 674 915 701 aevo
952 659 1087 699 effecit
1123 668 1229 696 tem-

111 725 225 788 plum
257 745 456 787 totusque
475 744 690 787 apparatus
717 733 849 779 sacer,
894 742 933 770 et
973 729 1230 769 sacerdotum

109 816 264 856 pompa
286 804 505 857 hymnique
524 804 645 853 sacri,
676 812 720 843 ut·
746 801 864 842 sacris
877 801 1055 856 jehovae
1085 797 1232 838 luben-

111 884 171 913 tes
201 886 247 913 ac
267 873 503 918 ,constantes
531 872 768 913 interessent
796 882 950 912 omnes.
1017 869 1232 918 Deinceps

111 942 271 995 quidem
301 955 322 981 a
347 942 753 995 Jehovafdeficiunss
786 941 1089 993 peregrinorum
1112 935 1233 975 Dec)-

111 1024 198 1052 rum
227 1010 354 1051 cultui
383 1011 504 1052 dediti
528 1023 568 1052 et
593 1012 789 1065 Jehovam
819 1009 889 1050 sub
924 1009 1096 1061 imagine
1131 1017 1234 1058 qua-

112 1080 201 1121 dam
245 1079 428 1121 colentes
467 1080 661 1135 plurimi3
703 1092 744 1121 et
781 1093 832 1120 eo
875 1077 1129 1120 idololatriae
1171 1074 1235 1115 fc:-

111 1161 253 1191 runtur
281 1149 437 1200 studio,
483 1163 526 1192 ut
555 1151 776 1205 majoribus
803 1150 882 1191 suis
922 1147 1073 1202 ingenii
1118 1144 1236 1186 cultu

113 1219 244 1260 multo
287 1220 496 1261 videantur
539 1220 766 1261 inferiores.
825 1220 881 1260 At
907 1218 1068 1259 fuerunt
1101 1227 1238 1256 tamezn

114 1291 260 1341 iisdem
289 1289 413 1346 longe
443 1290 682 1343 superiores.
756 1289 883 1344 Quod
909 1289 1015 1328 enim
1039 1287 1164 1340 magis
1195 1282 1239 1324 sse

115 1361 316 1402 traderent
370 1360 652 1410 idololatriae,
698 1360 738 1400 id
788 1361 906 1401 unice
948 1355 1238 1410 explicandum

115 1444 176 1474 est
205 1440 255 1472 ex
285 1429 520 1482 illecebris,
552 1431 701 1483 quibus
731 1443 781 1470 eo
809 1440 993 1481 tempore
1034 1427 1083 1467 ad
1124 1425 1238 1466 idola

117 1491 288 1543 colenda
336 1500 638 1549 alliciebantur,
695 1511 736 1540 et
779 1498 989 1552 pluribuS‚
1033 1508 1073 1537 et
1109 1496 1237 1550 longe

118 1570 366 1624 majoribus,
413 1583 533 1623 quam
560 1584 661 1623 quae
687 1584 801 1612 antea
827 1570 997 1612 fuerant.
1054 1567 1238 1609 ,Hebraei

118 1642 226 1680 enim
250 1641 412 1695 ingressi
441 1640 704 1682 Palaestinam
735 1654 816 1682 non
846 1642 915 1682 nifi
955 1639 1083 1692 sylvas
1126 1639 1237 1677 inve-

119 1711 311 1761 niebant,
356 1712 397 1751 in
433 1713 579 1765 quibus
622 1713 824 1766 peregrini
864 1710 936 1751 Dii
968 1702 1236 1755 colebantur,

120 1787 161 1820 et
189 1780 305 1822 idola.
326 1780 500 1823 rudiora.
561 1781 683 1823 Nunc
710 1795 808 1822 vero
835 1782 884 1822 ad
911 1780 1107 1821 summum
1151 1775 1240 1818 cul-

122 1861 185 1890 tus
226 1850 430 1905 fastigium
474 1852 757 1893 adscenderant
796 1851 1024 1893 Phoenices
1073 1847 1242 1890 caeteri-

122 1932 201 1972 que
251 1920 396 1972 populi
435 1921 625 1971 finitimiz,
670 1921 820 1974 templa
856 1921 1044 1967 aderant,
1091 1917 1244 1959 summa

122 2001 204 2030 arte
252 1989 440 2030 confecta
477 1990 614 2041 idola,
675 1993 864 2032 conv1via
904 1990 1095 2038 laetiora,
1138 1998 1242 2041 quae

125 2060 267 2113 majori
312 2074 596 2113 curn-pompa
637 2061 838 2102 celebrata
881 2061 1071 2115 majorem
1107 2059 1242 2100 cultus

123 2129 296 2182 speciem
336 2143 430 2182 prae
473 2130 511 2171 se
551 2131 716 2173 ferrent.
808 2133 998 2174 Arctiore
1036 2141 1243 2184 praeterea

123 2200 286 2242 foedere
315 2212 337 2240 e
366 2202 578 2256 principiis
606 2203 802 2258 politices
843 2206 942 2245 cum'
960 2203 1108 2243 exteris
1126 2200 1243 2254 regi·

1166 2270 1241 2311 bus
