1519 2729
716 173 971 233 (210)

363 307 606 362 Confistunt
629 315 765 368 itaque
791 315 919 357 officia
945 312 1183 368 imperfecta
1208 314 1249 355 in
1266 323 1419 363 eo‚-ut

303 387 433 431 homo
477 386 635 437 habeat*
665 385 786 426 animi
827 384 1024 438 quandam
1080 383 1414 436 dispofitionem‚

302 443 458 511 quaese
471 455 644 504 exserit,
675 453 721 496 eei
736 467 815 507 qua
840 453 937 495 licet
967 455 1283 508 opportunitate.
1314 453 1416 495 Non

300 526 404 567 adeo
444 525 699 580 praecipiunt
737 515 846 564 facta
886 523 1080 577 quaedam
1123 520 1413 575 determinata,

299 607 345 638 ac
388 594 472 650 ipffi
514 594 607 648 lege
649 592 841 641 definita,
888 592 955 632 sed
992 604 1150 646 genus,
1192 603 1238 633 ut
1269 593 1324 633 ita
1353 593 1414 634 di-

296 676 414 713 cam,
446 672 683 717 proponunt
709 660 758 700 ad
784 661 900 714 cujus
926 673 1108 701 normam
1140 660 1248 701 facta
1276 673 1415 704 nostra

297 733 500 774 instituere
531 743 712 772 tenemur
741 727 837 783 (1).
906 729 987 771 Sed
1016 729 1110 770 ideo
1139 730 1312 784 gradus,
1342 732 1414 784 qui

294 801 510 844 intercedit
540 802 646 842 inter
671 801 769 840 varii
797 800 957 854 generis
987 799 1146 848 officia,
1179 811 1261 841 non
1289 798 1419 851 facit,

293 882 339 913 ut
366 870 536 912 alterum
563 881 689 924 genus
718 869 783 911 sufi
813 869 952 910 natura
998 868 1227 922 praevaleat
1268 868 1413 919 alteri,

297 952 343 982 ut
369 941 498 983 officia
523 939 707 994 perfecta
731 939 931 980 efficacius
958 938 1031 980 fint
1053 938 1160 992 jussa
1186 951 1210 980 a
1234 939 1412 988 ratione,

293 1023 412 1064 quam
453 1008 692 1063 imperfecta
733 1005 830 1062 (2).
919 1007 1149 1062 Utrumque
1193 1020 1217 1050 a
1255 1009 1414 1050 ratione

287 1080 483 1135 jubetur3
526 1090 743 1133 utrumque
780 1078 939 1121 directo
981 1090 1005 1118 a
1036 1078 1194 1120 ratione
1222 1078 1411 1132 proficis·

291 1151 422 1200 citui-3
452 1160 497 1191 ut
521 1161 620 1190 vero
649 1148 847 1191 dissensus
877 1146 1069 1198 tollatur,
1115 1149 1185 1201 qui
1227 1148 1410 1190 necessa·

291 1221 357 1261 rio
404 1218 558 1260 adesset
595 1217 675 1260 fine
714 1217 790 1258 hac
831 1217 1052 1268 divifione,
1107 1218 1184 1260 alia
1225 1217 1409 1260 habenda

297 1291 384 1334 sunt
408 1289 536 1333 officia
571 1286 783 1342 perfecta,
824 1284 901 1327 alia
929 1298 1027 1359 veto
1056 1287 1310 1343 imperfecta.
1347 1311 1349 1313 ·

807 1426 834 1479 ς
864 1425 918 1467 V.

606 1563 842 1623 Divist'ans
871 1563 1072 1622 efficact'a.

348 1701 558 1758 Objicitur
583 1705 683 1746 mihi
721 1704 909 1754 forsitan,
939 1706 1160 1748 officiorum
1185 1705 1404 1760 imperfeea

292 1785 425 1816 torum
454 1775 699 1827 principium
736 1776 949 1828 principio
984 1776 1206 1818 officiorum
1243 1774 1406 1830 perfec·

292 1854 430 1885 torum
459 1845 690 1893 contineri,
724 1844 817 1885 ideo
845 1857 928 1886 non
954 1844 1025 1886 fibi
1061 1845 1145 1886 esse
1191 1845 1402 1899 oppofita;

291 1912 359 1954 sed
411 1913 563 1954 fimilia.
641 1912 808 1955 Dixeris
849 1915 984 1963 enim,
1029 1916 1261 1968 quicunque
1311 1914 1401 1956 aliis

291 1982 485 2025 auxilium
531 1982 611 2024 fert
650 1984 692 2024 in
729 1982 877 2026 finibus
915 1983 1094 2038 ipsorum
1132 1984 1402 2042 attingendis,

1333 2053 1411 2098 hic»

308 2154 315 2156 ·
339 2137 404 2183 (1)
427 2141 576 2181 Kant,
599 2141 680 2176 Crit.
708 2141 804 2186 Mag.
827 2143 872 2179 D.
900 2143 960 2180 lv.
981 2142 1107 2189 p.165.

339 2194 404 2242 (ε)
427 2196 664 2239 numen,
686 2208 721 2243 p.
743 2208 801 2243 35.
