1519 2729
558 148 813 207 (117)

106 291 364 339 deformitate
402 301 426 331 a
463 286 645 337 damnis,
675 284 763 328 aliis
793 286 850 329 sui
878 283 1072 332 similibus
1099 283 1232 328 homi-

109 363 257 412 nibus,
300 361 453 414 ipfique
487 357 590 399 adeo
618 357 799 399 societati
840 357 1034 398 humanae
1059 355 1234 397 inferen-

109 431 172 474 dis
210 441 457 478 avocantur‚
501 427 596 468 huic
633 426 740 468 malo
778 426 995 468 avertendo
1035 436 1233 481 repugna-

110 500 249 543 culum
276 499 461 552 opposita
486 495 790 547 est-violentia,
822 509 901 551 qua
929 495 1029 538 licet
1057 497 1234 538 reniten-

111 582 178 612 tes
207 572 246 610 in
275 569 411 610 officio
439 567 664 608 continere.

116 685 119 688 ,
167 639 270 681 Tale
287 637 486 685 officium,
516 635 566 676 ad
592 635 704 689 quod
733 636 903 677 invitum
931 646 1084 689 cogere
1114 634 1235 686 licet,

104 706 344 764 perfectum
375 704 655 759 appellarunt,
692 707 857 746 nomine
902 705 1077 746 fortassis
1109 706 1239 749 minus

78 795 80 797 ’
113 777 351 822 commodo.
412 775 478 816 Ex
507 776 642 827 quiete
669 774 871 817 societatis
899 775 1092 816 hnmanae
1122 773 1241 815 intel-

112 845 281 901 ligitur,
313 844 448 899 qualia
475 844 607 885 officia
633 844 813 898 perfecta
843 844 917 885 fint
951 843 1148 893 dicenda,
1193 845 1240 886 fi·

111 928 163 957 ve
200 915 424 957 violentum
457 926 647 955 coactum
676 915 900 955 admittant.
973 914 1166 955 Refertur
1193 913 1243 954 il-

112 985 152 1036 le
180 997 347 1028 coactus
369 984 420 1025 ad
440 983 525 1024 sola
547 983 699 1034 officia,
729 994 832 1037 quae
860 984 985 1024 homo
1002 982 1242 1024 hominide-

119 1055 218 1106 bet‚
249 1067 376 1109 eaque
403 1053 581 1096 socialia.

170 1125 289 1167 Duae
316 1137 448 1166 autem
469 1124 556 1165 sunt
573 1123 735 1173 causae,
753 1124 808 1164 ob
829 1118 927 1177 quas
947 1125 1031 1165 vim
1053 1123 1246 1165 adhibere

114 1195 245 1248 licet;
288 1208 356 1238 aut
403 1196 466 1236 10.
514 1195 610 1248 quia
649 1206 789 1235 omnes
827 1193 983 1235 fructus
1010 1206 1060 1234 ex
1085 1194 1246 1249 generis

113 1266 278 1307 humani
317 1265 608 1307 communitate
660 1265 945 1317 provenientes
1003 1264 1242 1312 interirent,

117 1337 189 1382 nifi
216 1335 266 1376 ad
294 1335 486 1389 quaedam
515 1333 697 1375 facienda
714 1365 727 1384 ‚
757 1345 825 1374 aut
841 1332 1088 1383 omittenda,
1116 1332 1246 1373 homo

123 1407 332 1448 hominem
360 1406 400 1446 vi
441 1403 692 1457 compellere
732 1404 894 1457 posset3
937 1414 1005 1445 aut
1034 1404 1101 1443 2⁰.
1124 1400 1248 1456 quod

117 1475 248 1520 sciens
275 1474 499 1527 volensque
531 1473 571 1513 se
605 1473 751 1527 aliquis
783 1473 966 1528 obligare
995 1475 1159 1527 potuit,
1204 1483 1248 1513 et

118 1545 231 1590 facto
254 1544 292 1585 se
323 1543 524 1598 obligavit
539 1543 590 1583 ad
619 1545 700 1585 vim
731 1546 930 1597 patienter
955 1542 1186 1591 ferendam,
1218 1543 1247 1589 fi

117 1615 169 1668 ad
198 1615 279 1655 hoc
310 1612 609 1667 compellatur,
639 1625 684 1654 ut
708 1614 878 1668 praestet
904 1613 1017 1668 quod
1040 1613 1156 1654 alteri
1178 1612 1248 1653 de-

121 1683 227 1724 beat.

104 1753 108 1757 ’
179 1751 254 1793 Illa
292 1753 414 1807 igitur
455 1751 571 1795 causa
609 1753 651 1794 in
693 1753 870 1799 hominis
905 1754 1002 1796 statu
1029 1751 1246 1801 absoluto,

122 1822 221 1864 haec
259 1834 356 1863 vero
372 1852 386 1871 ‚
414 1824 491 1864 five
529 1821 652 1863 altera
679 1825 794 1866 causa
810 1854 823 1874 ‚
848 1825 888 1866 in
915 1823 1152 1864 conditione
1179 1820 1248 1862 ad-

124 1892 292 1934 ventitia
316 1894 488 1932 maxime
520 1894 709 1934 cernitur.
1126 1938 1129 1940 ,

179 1962 247 2003 Ad
275 1973 448 2015 quatuor
478 1961 587 2002 bona
611 1962 690 2002 sese
733 1961 911 2004 referunt
953 1961 1046 2002 illae
1089 1960 1245 2009 officio·-

123 2047 211 2075 rum
241 2034 546 2087 perfectorum,
578 2034 644 2075 seu
686 2034 824 2085 potius
851 2032 970 2084 ipfius
1008 2030 1248 2081 violentiae,

123 2116 164 2146 et
195 2103 366 2165 coactus
387 2092 707 2145 adhibendorum
736 2101 903 2150 causae,
935 2102 983 2142 de
1013 2101 1160 2154 quibus
1187 2100 1247 2141 su-

123 2188 196 2230 pra
218 2175 319 2217 dixi.
366 2173 526 2218 Horum
556 2175 757 2217 bonorum
771 2173 852 2215 duo
883 2172 1019 2227 priora
1042 2184 1187 2227 genera
1199 2169 1250 2217 ad

1180 2239 1251 2292 Jus
