1519 2729
534 104 577 204 zx
622 159 709 204 ιτς
769 143 796 201 .)

104 287 426 343 parisanctitate·
454 286 541 331 sunt
567 287 816 344 peragenda,
848 283 1107 331 collifionem
1127 285 1213 333 offi->

106 360 263 401 ciorum
277 358 405 400 ullam,
428 358 512 400 dari
535 357 762 414 negandum
788 355 947 398 videtur
962 369 977 405 τ,
994 367 1088 408 ope
1114 355 1216 396 divi-

105 428 227 470 fionis
254 429 477 470 officiorum
508 429 549 470 in
576 427 759 482 perfecta
785 437 826 467 et
856 424 1123 479 imperfecta,
1164 436 1217 467 ex

105 497 216 542 Kan
235 499 314 539 tiit
343 499 546 540 sententia·
576 497 843 545 constitutae,
885 497 1079 536 rationem
1114 492 1218 536 nihil

105 559 178 610 fibi
221 571 466 610 contrarium
511 570 682 624 jubere,
727 567 863 609 omnia
898 567 1032 619 itaque
1077 564 1218 606 ordine

108 638 330 693 procedere
361 639 663 680 demonstratur.

142 706 224 747 Ita
263 709 304 748 in
346 708 558 750 mendacio
587 707 750 749 alterius
780 693 958 748 utilitate
986 677 1222 760 perpetrato

106 788 291 831 magnam
348 777 622 819 difficultatem
675 777 925 835 quqefierunt
968 773 1221 828 philosophi.

103 845 211 886 Aliis
241 847 459 898 prodesse,
502 849 715 901 inquiunt,
748 847 945 888 summum
964 856 1028 890 *est
1056 844 1223 885 rationis

103 917 385 970 [praeceptum.
433 916 490 957 At
515 929 613 958 vero
643 917 670 958 fi
688 916 750 957 ·ad
776 915 1107 969 imperfectorum
1138 913 1226 954 offi-

105 986 265 1027 ciorum
298 986 550 1040 principium
578 985 865 1039 respiciamus,
908 986 978 1026 vix
1018 994 1078 1024 est
1105 981 1219 1037 quod

103 1054 368 1106 dubitemus:,
394 1058 434 1098 in
451 1056 540 1112 ipso
559 1068 645 1105 non
672 1055 986 1100 animadvertere
1014 1065 1098 1093 non
1125 1063 1223 1105 pos-

72 1138 76 1143 *
108 1125 417 1168 sumus‘verba:
447 1137 659 1183 quatenus
679 1124 787 1183 fines
813 1124 998 1167 aliorum
1022 1122 1224 1164 immora-

108 1195 167 1238 les
192 1209 271 1238 non
278 1193 395 1251 sunt.
437 1195 697 1252 Ecquidjam
723 1197 852 1250 magis
865 1192 1076 1235 immorale
1088 1203 1150 1233 est
1164 1191 1224 1232 di-

108 1264 310 1315 cendum,
354 1278 474 1320 quam
499 1278 550 1309 ex
573 1264 953 1308 fraude-utilitatem
984 1262 1055 1304 fibi
1083 1261 1224 1303 aliisve

108 1335 334 1388 aucupari?
380 1334 566 1390 Eo‘ipso
605 1335 718 1389 quod
751 1335 995 1376 contrarium
1037 1332 1226 1386 jubeatur

109 1403 247 1448 officio
274 1404 488 1458 perfecto,
531 1405 632 1448 iilud
670 1402 845 1461 officium
869 1402 1031 1458 prorsus
1054 1413 1135 1442 non
1163 1411 1226 1442 est

112 1473 356 1526 dicendum,
387 1476 499 1529 quod
512 1476 646 1531 juberi
670 1474 891 1518 videretur
919 1473 1050 1518 officio
1074 1473 1225 1526 imper-

110 1543 241 1587 fecto.
266 1580 269 1582 .
299 1543 427 1601 Quod
464 1546 628 1600 quidem
661 1548 772 1602 ego,
812 1544 995 1601 judices!
1039 1541 1124 1584 sum
1154 1554 1224 1583 ex-

113 1626 277 1670 pertus,
323 1615 485 1657 scholas
540 1629 647 1663 meas
694 1626 739 1656 et
777 1613 930 1661 studia,
975 1613 1124 1667 quibus
1159 1623 1226 1652 me

115 1683 282 1734 &edidi-‚²
316 1695 514 1739 tanquam
551 1684 800 1739 postulatum
841 1682 1043 1738 quoddam
1070 1682 1225 1735 accipi-

117 1765 190 1794 ens
203 1784 222 1802 ‚ff
254 1755 323 1795 cui
347 1765 400 1795 ne
429 1756 649 1808 quicquam
682 1754 976 1802 deuectam,
1005 1753 1135 1792 vetuit
1161 1751 1234 1792 οἷ’·

117 1823 255 1865 ficium
297 1822 559 1877 perfectum3,
603 1836 644 1867 at
686 1823 776 1869 aliis
816 1825 937 1866 etiam
974 1823 1111 1865 studiis
1140 1834 1224 1864 non

114 1891 234 1946 plane
275 1892 414 1934 rudem
451 1893 535 1934 esse
575 1894 744 1949 jubebat
785 1894 958 1936 officium
1007 1892 1224 1946 imperfec-

116 1973 199 2003 tum
216 1992 250 2011 ‚-
272 1962 389 2004 hisce*
403 1977 406 1979 ’
421 1963 1033 2018 annumeravi-qualemcunque
1064 1962 1223 2003 tandem

112 2031 215 2073 hanc
260 2032 541 2087 scriptionem,
582 2035 646 2076 cui
688 2034 807 2075 horas
834 2046 981 2087 paucas
1006 2033 1222 2074 admodum

113 2099 332 2144 succefivas
351 2102 443 2144 dare
460 2101 591 2144 licuit.
652 2102 747 2147 Hoc
763 2115 842 2159 ego
869 2114 1058 2156 expertus
1082 2103 1164 2144 sum
1182 2103 1223 2144 in

113 2170 225 2213 h'isce
251 2170 504 2215 elaborandis
521 2205 534 2226 ,
565 2181 639 2216 vos
654 2185 769 2216 certo
784 2165 1126 2229 depreheh&§tis‚
1151 2171 1224 2212 Vi·-

1189 2254 1223 2284 n
