1519 2729
742 176 770 230 (
828 176 964 232 36)

272 310 487 354 hominum
503 312 587 354 fere
603 314 847 372 inaccessum
863 348 876 368 ‚
901 316 996 358 solis
1011 324 1144 369 pateat
1160 307 1404 355 cultioribus

273 394 545 449 philosophis.
605 392 828 437 Enimvero
857 410 907 438 ex
935 397 1170 451 simpliciori
1194 397 1402 451 magisque

271 477 461 531 populari
492 475 647 517 Christi
675 476 861 519 doctrina
904 480 1184 533 unusquisque
1218 477 1269 518 ad
1309 475 1402 532 glo-

268 559 420 599 riosum
447 558 549 599 illud
575 557 731 600 divinae
771 562 1056 616 magnitudinis
1094 572 1135 601 et
1178 557 1401 614 perfectio-

266 641 328 680 nis
370 640 618 681 consortium
662 642 880 692 inwtatur,
924 642 1046 696 idque
1091 638 1187 690 tunc
1223 639 1399 693 assequi-

267 731 356 770 tur,
402 722 562 775 quando
601 724 746 763 mentis
783 726 986 778 animique
1030 725 1236 777 puritate,
1292 722 1399 761 vitae

263 802 500 852 sanctitate,
544 803 852 859 officiorumque
879 806 953 847 fibi
984 804 1269 859 impositorum
1297 814 1398 844 con-

262 884 491 925 stantissima
513 898 630 935 cura,
661 897 702 926 et
728 900 774 927 ea
800 888 1035 941 praesertim
1063 887 1227 928 caritate
1244 915 1257 934 ‚
1290 895 1396 938 quae

259 967 462 1006 neminem
490 966 539 1006 de
562 967 753 1009 industria
780 969 999 1018 excludat,
1046 966 1278 1008 sanctisfimi
1325 964 1397 1004 be-

259 1046 656 1102 nevolentisfimique
713 1052 838 1104 patris
881 1050 1072 1092 coelestis
1109 1059 1151 1089 et
1192 1046 1394 1088 voluntati

259 1128 543 1181 obtemperat,
587 1143 628 1170 et
657 1131 873 1187 imaginem
903 1131 1042 1171 dilecti
1069 1128 1186 1170 instar
1211 1127 1286 1170 filii
1333 1141 1394 1168 re-

258 1207 364 1257 fert,
397 1221 588 1262 quantum
617 1214 791 1264 patiatur
818 1212 989 1253 humana
1014 1212 1239 1253 infirmitas.

315 1289 386 1331 Sic
428 1292 554 1345 igitur
595 1292 795 1344 optimum
836 1295 1093 1347 maximeque
1122 1284 1390 1347 praestabile,

256 1373 370 1426 quod
399 1374 438 1412 in
466 1385 721 1427 quacumque
749 1376 854 1419 vitae
883 1376 1121 1416 conditione
1151 1375 1299 1416 eximie
1324 1387 1392 1415 va-

255 1451 364 1503 leat,
410 1453 576 1495 honoris
602 1454 773 1496 studium
803 1457 844 1496 in
870 1455 1057 1498 Oriente
1082 1455 1260 1504 exstitit3
1305 1468 1389 1496 non

255 1535 306 1576 ad
333 1535 568 1590 fingularem
598 1535 869 1579 Orientalium
898 1537 1106 1587 indolem,
1136 1538 1264 1578 immo
1287 1549 1388 1578 vero

255 1616 305 1657 ad
334 1616 544 1658 hominum
573 1630 754 1659 naturam
781 1619 962 1662 universe
987 1633 1033 1661 ac
1073 1618 1237 1673 prorsus
1278 1630 1388 1673 apta-

254 1709 368 1747 tum,
399 1711 530 1752 neque
561 1701 711 1754 ingenii
743 1703 939 1742 terrestris
975 1701 1290 1756 perspicacitate
1328 1702 1387 1741 in·

252 1792 419 1821 ventum
436 1810 450 1830 ‚
482 1780 550 1821 sed
579 1781 754 1823 coelitus
778 1784 828 1824 ad
855 1783 1040 1824 homines
1061 1782 1385 1832 collustrandos,

252 1861 556 1913 emendandos,
587 1865 789 1918 uniceque
817 1865 1076 1906 extollendos
1115 1877 1162 1905 ac
1205 1864 1384 1904 beandos

253 1946 526 1998 patefactum:
572 1948 612 1987 in
653 1947 766 2000 quod
796 1959 880 1999 quo
911 1947 1037 2001 magis
1064 1948 1154 2000 quis
1188 1946 1383 1987 incubue-

254 2027 307 2066 rit
324 2056 338 2076 ,
369 2039 420 2067 eo
443 2029 561 2068 etiam
592 2028 735 2069 melius
762 2040 803 2069 et
831 2013 1026 2078 humanae
1053 2039 1214 2067 naturae
1247 2029 1384 2067 osten'-

254 2108 320 2148 dat
359 2107 662 2160 praestantiam,
714 2122 754 2151 et
797 2110 975 2164 propriis
1010 2108 1163 2149 viribus
1203 2109 1381 2160 fruatur,

249 2200 295 2232 et
321 2189 393 2243 ipsi
423 2188 518 2233 Deo
557 2190 692 2232 fimiiis
720 2191 801 2233 fiat.
863 2191 903 2233 Ο
930 2190 1181 2246 praeclarum
1214 2190 1382 2233 honoris

1304 2271 1379 2313 stu-
