1519 2729
573 203 775 263 (s)

104 352 276 395 omnes5
296 355 413 386 nunc
440 347 573 395 vern,
607 357 703 387 cum
738 340 940 398 templum
959 338 1234 383 abominando

105 414 230 456 cultu*
247 414 502 468 profanatum
529 415 711 456 viderent
737 425 778 455 et
807 413 909 455 festa
943 413 1079 453 omnia
1114 412 1239 452 inter-

107 490 253 538 rupta,
295 485 530 543 prodiisque
557 484 710 527 Bacchi
739 495 783 524 et
800 483 916 538 Jovis
955 482 1057 524 festa
1097 480 1237 522 substi-

107 564 192 595 tuta
216 553 494 608 adspicerent,
526 567 700 596 mortem
726 556 866 610 potius
909 553 1072 603 subire,
1116 563 1249 606 quam.-

105 624 306 666 Antiochi
366 625 536 666 arbitrio
604 627 885 681 obtemperare
960 624 1240 665 decreverunt.

105 691 217 736 Hinc
261 694 326 735 vel
366 696 486 736 unice
527 706 711 749 pateret,
764 706 1015 750 quantopere
1060 692 1247 735 Hebraei·

107 775 203 818 post
230 764 411 806 exfilium
442 765 648 808 idolorum
684 765 840 807 cultum
874 762 1046 806 aversari
1090 773 1243 816 coepe-

105 836 201 876 rint.
261 834 318 876 At
347 848 487 877 omnes
503 867 517 887 ,
548 838 619 891 qui
643 834 1001 889 nobissupersunt
1027 833 1124 874 libri
1144 842 1247 886 post:

107 904 289 947 exsilium
317 906 487 958 scripti,
519 906 637 960 hujus
662 908 722 947 rei
748 905 994 946 documenta
1033 902 1247 944 luculenta-

105 974 275 1016 afferunt
291 1005 304 1025 ‚
336 974 536 1029 multique
561 975 651 1017 sunt
676 978 717 1016 in
731 974 1011 1024 memoranda,
1040 972 1107 1014 vel
1123 970 1250 1013 Deo-

68 1083 70 1085 .
107 1057 196 1086 rum
234 1044 409 1086 aliorum
449 1044 738 1100 idolorumque
765 1047 967 1095 vanitate,
1004 1043 1070 1085 vel
1097 1054 1247 1089 eorum
1306 1060 1309 1062 ·

107 1113 254 1165 laude,
287 1117 358 1169 qui
385 1117 426 1156 in
463 1115 659 1169 periculis
688 1116 930 1172 gravisfimis
969 1113 1169 1157 versantes
1195 1121 1248 1154 vet:

106 1185 159 1227 ad
181 1185 385 1227 idolorum
409 1185 567 1228 cultum
596 1186 796 1240 pellecti,
842 1184 1148 1228 constanter¹ab
1176 1193 1247 1223 eo

108 1255 372 1297 abstinuerint
400 1254 496 1310 (a).
569 1255 687 1298 Libri
716 1250 869 1312 igitur,
915 1256 986 1309 qui
1027 1254 1249 1302 dicuntur‚·

109 1324 357 1379 Apocryphi
383 1339 476 1367 cum
497 1327 546 1367 iis
562 1356 576 1376 ‚
607 1327 677 1380 qui
706 1337 798 1367 ante
822 1324 1004 1367 exfilium
1035 1323 1124 1365 sunt
1150 1335 1248 1376 per-v

111 1395 302 1450 scriptia
328 1395 518 1450 JudaeiS‚
556 1397 583 1438 fi
611 1396 901 1447 conferantur,
946 1393 1068 1436 facile
1097 1394 1247 1434 utrius-

110 1478 190 1520 que
234 1466 323 1507 aevi
366 1465 583 1507 discrimen
623 1466 863 1521 adsequaris.
952 1464 1068 1521 Quid
1094 1462 1249 1517 plura?

111 1534 291 1592 Hebraei
321 1535 536 1591 progressu
565 1539 762 1590 temporis
798 1535 1004 1577 idolorum
1040 1533 1249 1576 fimulacra

111 1613 152 1647 'et
192 1608 386 1661 ‚imagines
433 1606 536 1647 adeo
579 1607 743 1649 fuerunt
790 1606 1001 1656 detestati,
1044 1616 1089 1646 ut
1143 1614 1250 1644 artes

111 1674 326 1730 plasticaS,
357 1675 580 1718 statuariam
609 1690 656 1718 ac
684 1675 929 1730 sculpturam
947 1705 979 1725 ‚.
1003 1685 1088 1714 tum
1124 1673 1248 1714 etiam

112 1747 339 1799 picturam,
371 1758 703 1797 contemnerent,
745 1760 792 1788 ac
821 1757 1010 1800 tanquam
1038 1756 1158 1785 vanas
1186 1755 1250 1784 ar.-

115 1826 175 1857 tes
218 1817 463 1871 rejicerent,
506 1828 732 1861 metuentes
771 1816 952 1866 scilicet,
992 1829 1043 1858 ne
1085 1814 1148 1856 his
1185 1814 1246 1853 in-

1147 1883 1248 1926 duc-

158 2006 223 2054 (α)
262 2008 364 2044 sirac.
385 2010 497 2060 XXX:
540 2020 592 2054 19.
629 2011 720 2047 Belis
749 2022 784 2047 et
811 2012 973 2048 Draconis
995 2009 1141 2044 historia.
1175 2008 1252 2054 Sap.-

112 2065 193 2101 Xlll
209 2090 220 2107 ,
244 2067 350 2108 XIV,
374 2067 447 2102 XV.
476 2067 582 2111 Epist.
606 2068 771 2114 Jeremiae
788 2095 798 2110 ‚
823 2070 918 2104 Libri
941 2068 1096 2104 Maccab.
1124 2065 1251 2109 passim·

114 2123 214 2159 Conf-
235 2123 290 2157 Cl.
312 2124 344 2170 J.
367 2124 421 2158 M.
445 2125 491 2159 H.
522 2125 697 2162 Beckhaus
712 2150 723 2167 ,
747 2125 844 2160 Verh.
858 2137 932 2159 over
959 2124 1014 2160 het
1036 2124 1174 2169 gebruik
1194 2122 1253 2156 der

113 2178 284 2226 Apoqu'ffl’
311 2181 424 2214 boeken
452 2183 504 2216 des
531 2183 571 2218 Ο.
595 2183 631 2217 Τ.
660 2183 692 2216 in
716 2191 797 2226 opp.
825 2182 952 2217 Societ.
981 2182 1064 2226 Hag.
1095 2190 1126 2215 a.
1156 2179 1255 2215 1806.

113 2246 187 2281 pag·
216 2238 257 2280 85
287 2235 380 2282 seqq·
