1519 2729
566 189 603 245 7(
660 201 709 245 51
756 186 799 242 r>

126 325 185 368 eis
225 325 312 368 sunt
355 328 629 379 conficiendi,
672 340 719 378 ut
759 337 929 380 vapores
966 337 1018 366 ex
1057 323 1240 380 liquido,

135 396 196 438 his
238 409 464 448 contento,
511 401 619 449 orti,
667 399 884 440 tenfionem
925 395 1127 447 habeant,
1173 396 1243 437 illa

135 469 330 509 minorem
347 498 359 517 ‚
401 482 523 522 quam
567 469 858 522 temperatur&
902 480 981 519 qua
1028 465 1245 510 instituitur

132 540 450 592 experimentum
468 570 480 588 ,
513 540 657 583 habere
683 536 877 593 possunt,
917 537 942 578 si
973 530 1167 577 sufficiens
1193 535 1244 577 li-

127 609 246 661 ‚quidi
289 609 399 650 adest
427 612 643 663 quantitas.
723 608 862 662 Vapor
891 607 996 647 enim
1042 607 1081 646 in
1116 604 1247 653 tubo,

135 679 161 719 fi
186 679 239 718 ita
265 680 559 732 procedamus,
590 679 805 727 dilatatur,
850 688 890 716 et
918 672 1035 731 hujus
1057 677 1117 716 vis
1145 674 1248 715 elas-

128 745 215 789 'tica
243 749 444 802 pressione
470 758 666 805 augetur,
696 747 840 806 eodem
881 746 1004 787 modo
1035 759 1118 799 quo
1144 757 1246 799 gaz,

129 817 266 859 donec
319 818 487 872 spatium
538 830 699 861 omnem
747 829 942 872 vaporum
986 817 1249 870 quantitatem

134 889 346 937 continet,
395 901 517 940 quarn
551 889 761 930 continere
812 897 974 941 potest,
1019 886 1078 926 uti
1102 885 1250 940 jamin

127 957 469 1011 ‘praecedentibus
498 954 741 1000 monuimus.
802 955 940 997 Facile
969 956 1093 1008 igitur
1130 952 1249 994 intelb

135 1025 300 1081 ligitur,
333 1027 466 1066 omnia
494 1015 862 1080 experimentorum
887 1031 1055 1075 eventa,
1086 1023 1136 1065 ad
1163 1036 1249 1064 eas-

135 1095 226 1146 dem
257 1098 477 1150 pressiones
505 1097 588 1138 esse
614 1095 853 1146 reducenda.

192 1165 283 1206 Tali
314 1166 436 1207 modo
468 1180 559 1207 eum
587 1167 835 1221 procederet
855 1164 922 1206 Cl.
950 1160 990 1205 G
1006 1177 1027 1204 a
1042 1177 1067 1216 y
1084 1187 1100 1194 -
1117 1163 1152 1204 L
1168 1177 1194 1205 u
1211 1177 1248 1205 s-

136 1230 223 1276 sac
240 1266 253 1286 ,
293 1238 467 1277 invenit:
509 1236 668 1292 pondus
696 1249 820 1290 aquae
849 1247 1044 1289 vaporum
1071 1234 1121 1274 ad
1146 1247 1251 1290 pon-

136 1305 210 1347 dus
227 1306 309 1347 esse
324 1308 425 1348 a'e‘ris
441 1307 776 1360 atmosphaerici‚
792 1305 1020 1353 volumine,
1054 1316 1251 1359 tempera-

138 1377 223 1418 tura
242 1388 283 1416 et
310 1377 509 1429 presfione
540 1376 802 1430 aequalibus,
845 1377 904 1417 uti
938 1375 1251 1431 10577zl6964

137 1446 200 1486 vel
227 1446 311 1487 fere
347 1459 422 1487 10:
443 1447 506 1488 16.
708 1486 710 1491 .

136 1568 141 1572 λ
194 1516 427 1558 Formulam
459 1519 577 1558 etiam
610 1517 774 1559 exhibet
817 1516 955 1557 Biot
988 1515 1103 1569 cujus
1142 1527 1251 1569 ope,

137 1587 392 1642 praecedenti
423 1588 448 1628 fi
479 1600 638 1631 utamur
671 1598 891 1642 apparatu,
923 1581 1119 1641 vaporum
1143 1598 1253 1641 pon-

139 1659 212 1700 dus
239 1658 535 1699 determinatur.
573 1692 576 1703 .
947 1696 954 1700 Α.

196 1728 257 1769 Sit
274 1758 287 1777 ,
315 1739 361 1770 -ut
375 1728 477 1769 hane
494 1730 614 1770 etiam
630 1728 890 1769 exhibeamus
907 1725 1147 1774 formulam,
1177 1724 1257 1766 ΡΜ

140 1797 299 1852 pondus
321 1797 463 1851 liquidi
492 1811 574 1851 quo
601 1810 771 1851 vapores
799 1799 983 1837 oriuntur
999 1810 1017 1846 ς,
1043 1794 1098 1837 Ν
1115 1806 1257 1835 nume-

140 1881 208 1909 rus
229 1867 495 1918 divisionum,
527 1882 624 1922 quas
653 1879 856 1921 occupant
884 1878 1055 1919 vapores
1083 1866 1122 1905 in
1151 1864 1255 1905 tubo

143 1925 267 1992 temp.
318 1942 411 1978 100⁰
439 1935 546 1992 (1):,
590 1941 634 1980 fit
663 1953 686 1980 ν
714 1942 831 1981 unius
857 1937 1060 1980 divisionis
1095 1937 1257 1989 capaci-

145 2020 233 2056 tas,
274 2019 397 2062 temp.
425 2015 494 2059 0⁰,
525 2008 628 2049 lin-is
666 2008 842 2063 (litres)
886 2006 1098 2062 expressat,
1130 2006 1175 2047 fit
1212 2002 1263 2047 K

144 2081 237 2130 vitri
279 2091 362 2131 quo
387 2080 511 2119 utitur
538 2077 718 2120 dilatatio
759 2079 903 2121 cubica
939 2081 999 2127 1⁰,
1029 2076 1105 2117 erit
1133 2076 1258 2130 igitur

153 2161 229 2190 100
258 2146 306 2189 K
327 2148 484 2206 haecce
505 2148 687 2190 dilatatio
728 2153 850 2202 100⁰3
893 2160 1031 2189 verum
1060 2159 1258 2202 vaporum

1187 2230 1262 2259 VO-

192 2285 256 2331 (ι)
281 2287 350 2319 Hac
373 2294 592 2330 temperatura
616 2287 843 2332 experimenta
861 2286 995 2323 instituit
1014 2286 1045 2320 G
1060 2295 1077 2319 a
1090 2295 1113 2331 y
1130 2306 1143 2313 -
1158 2286 1216 2321 Lu
1227 2295 1258 2320 s-

148 2345 221 2379 sac
251 2344 298 2377 uti
324 2343 472 2378 vidimus.
649 2363 699 2432 <D

737 2404 762 2433 2
