1519 2729
719 183 940 239 (64)

260 321 438 366 GRo'rxo
490 322 595 364 haud
634 321 961 375 improbabiliter
1001 320 1262 362 idtribuerit
1291 335 1387 374 pro·

257 405 419 460 prium,
449 416 494 446 ut
520 406 673 458 primus
693 403 764 457 Jus
792 404 969 444 Naturae
998 405 1038 443 in
1074 404 1168 444 artis
1217 403 1388 444 formam

256 488 458 543 redegerit
493 498 548 527 et
596 487 747 541 justum
794 488 962 527 omnino
1002 486 1052 526 ab
1110 486 1283 526 honesto
1332 485 1391 526 di-

255 569 447 611 stinxerit.
489 588 546 602 -’
578 568 716 623 Magis
758 568 905 610 Ordini
945 568 1184 622 placuerunt
1230 579 1388 609 ceterae

255 651 355 693 duae
382 652 768 701 commentationes,
800 653 854 692 ita
874 651 1064 704 quidem,
1094 662 1166 699 ut,
1199 651 1224 690 fi
1247 634 1390 690 harum

253 734 484 775 alterutram
511 742 662 775 tantum
692 733 943 787 accepisset,
975 732 1149 786 palmam
1177 733 1213 772 ei
1240 731 1391 771 tribue-

255 828 297 857 re
326 829 409 857 non
438 815 670 857 dubitasset.
731 815 886 857 Harum
916 815 1041 856 altera
1069 814 1205 855 verbis
1223 813 1392 867 inscrip-

257 909 296 940 ta
324 910 385 939 est
415 898 637 940 HonATu:
684 899 843 940 Ardua
874 911 983 953 quae
1002 896 1226 952 pztlclzra3
1270 895 1394 936 altera

256 981 392 1021 verbis
433 981 691 1025 thERoNJs:
737 980 881 1035 Hujus
925 981 992 1021 rei
1036 990 1188 1022 tantae
1217 989 1393 1034 tamque

256 1061 440 1118 difficilis
474 1062 738 1118 facultatem
783 1059 1040 1117 consecutum
1080 1047 1162 1116 esse
1207 1075 1270 1102 me
1313 1075 1393 1102 non

247 1145 486 1201 profiteor,
521 1143 712 1200 secutum
753 1143 835 1200 esſse
863 1153 976 1199 prae
1008 1158 1070 1185 me
1092 1143 1205 1199 fero.
1268 1143 1392 1184 Utra-'

256 1239 336 1280 que
357 1240 454 1268 vero
485 1228 829 1283 commentatione
856 1228 988 1268 secum
1020 1228 1195 1267 invicem
1226 1239 1394 1280 compa-

255 1292 340 1351 r'ata
362 1310 516 1351 censuit
547 1310 694 1360 Ordo,
725 1322 934 1351 auctorem
964 1310 1077 1364 ejus,
1117 1322 1219 1362 quae
1254 1309 1390 1350 verbis

257 1391 476 1433 Ciceronis
518 1403 656 1443 notata
699 1403 788 1441 cst,
831 1394 981 1433 rectius
1021 1390 1143 1446 officii
1181 1393 1392 1432 notionem

258 1475 537 1524 constituisse,
581 1475 778 1529 hujusque
806 1488 852 1515 ac
886 1475 1005 1529 juris
1048 1474 1266 1515 discrimen
1296 1486 1396 1522 eun-

259 1557 408 1601 cleasse
439 1570 479 1598 ct
507 1557 737 1611 exposuisse
765 1557 1025 1612 diligentius,
1057 1557 1244 1598 eumdem
1265 1569 1392 1610 porro

257 1641 299 1680 in
338 1640 534 1681 historica
571 1623 689 1693 parte
726 1640 929 1681 tractanda
982 1652 1076 1692 prae
1121 1639 1192 1680 suo
1231 1639 1394 1680 aemulo

257 1723 496 1764 excelluisse
526 1735 609 1763 tum
638 1723 866 1776 inquirendi
897 1723 1116 1772 industria,
1149 1734 1232 1763 tum
1260 1723 1399 1762 vario-¹

256 1819 345 1847 rum
390 1807 652 1858 interpretum
696 1805 960 1859 opinionibus
1011 1815 1199 1846 accurate
1239 1804 1392 1845 traden-

258 1888 343 1929 dis:
377 1890 446 1941 qui
475 1899 605 1928 tamen
636 1888 720 1940 ipse
749 1888 835 1941 ejus
864 1887 1045 1928 aemulus
1077 1888 1320 1941 ceteroquin
1354 1897 1394 1926 et

257 1971 513 2024 argumenti,
557 1970 669 2023 quod
696 1981 868 2019 tractat,
915 1970 1228 2019 distributione,
1267 1981 1307 2010 et
1335 1970 1394 2010 di-

258 2041 395 2094 lucida
452 2053 691 2102 doctrinae,
750 2066 869 2105 quam
920 2064 1079 2101 tuetur,
1138 2053 1393 2105 expofitione

258 2146 496 2189 peracutum
526 2135 663 2188 prodit
695 2137 899 2189 ingenium
925 2139 968 2175 'et
999 2133 1172 2189 diligens
1213 2134 1394 2188 philoso-

259 2219 380 2274 phiae
421 2217 605 2259 studium.
681 2216 890 2272 Quocirca
936 2216 1249 2272 disputationis,
1293 2229 1395 2270 quae

1273 2297 1395 2340 Cice·
