1519 2729
535 228 758 286 (97)

71 367 209 421 paucis
236 378 413 420 apparet.
474 364 561 407 Hac
596 366 790 408 excelluit
832 358 1027 417 Salomo3
1074 357 1190 425 cuj-us

71 435 303 489 exemplum
354 435 538 476 nonnulli
589 436 780 490 deinceps
832 437 957 479 secuti
1012 439 1187 481 fuerunt.

71 504 187 546 Hanc
217 517 310 559 post
339 505 586 546 instauratam
623 504 916 558 rempublicam
960 519 1001 548 et
1038 507 1188 550 Eccle-

71 577 231 624 ssastes‚
277 586 318 615 et
347 575 559 628 sapientiae
603 574 891 616 Salomonaeae
935 590 1106 628 auctor,
1149 592 1190 620 et

72 644 269 686 Sira‘cides
297 644 347 685 ad
372 654 627 687 communem
654 646 868 688 utilitatem
905 648 1188 689 excoluerunt.

70 714 160 756 Hac
188 715 272 769 ipse
292 714 402 769 Jesus
433 715 547 768 saepe
574 715 665 757 usus
698 729 759 757 est
786 715 881 771 (a).
914 737 958 748 —
987 717 1187 759 Domina-

75 796 140 825 tur
181 786 300 825 etiam
350 797 422 837 per
478 796 602 825 totam
649 784 928 826 Hebraeorum
980 787 1190 829 historiam

73 852 222 893 summa
248 855 466 910 pertinacia
495 842 616 894 animi
643 866 683 895 et
711 855 927 896 affectuum
972 857 1190 898 vehemen-

75 923 141 962 tia.
202 921 282 962 Vix
306 924 411 962 enim
439 922 634 977 Aegypto
655 925 797 978 egressi
828 937 938 964 erant
963 926 1193 975 israelitae,

74 993 173 1045 quin
209 991 399 1032 summam
441 1004 582 1033 eorum
616 992 900 1046 ‘petulantiam
944 996 1193 1048 experiretur

13 2046 18 2104 ἰ

15 2109 21 2176 '5

20 2230 24 2254 l

21 2259 25 2284 ¹.

24 2349 30 2411 ἒ

26 2413 32 2486 l

30 2507 36 2614 ’π

34 2623 39 2685 ἰ

36 2697 40 2728 ἱ

73 1060 243 1109 Moses,
288 1072 341 1106 et,
367 1063 635 1114 pervicaciam
652 1092 665 1113 ,
708 1075 786 1115 qua
813 1062 965 1105 factum
983 1094 996 1114 ‚
1043 1076 1087 1105 ut
1112 1065 1193 1105 sae-

75 1132 166 1184 pius
193 1129 424 1171 rebellarim
458 1132 500 1172 in
527 1123 697 1173 deserto.
759 1132 940 1174 Eandem
976 1133 1194 1175 affectuum

76 1202 158 1242 vim
199 1212 317 1252 atque
352 1201 612 1253 pertinaciam
655 1202 808 1255 saepius
865 1204 983 1243 etiam
1038 1205 1198 1257 experti

78 1270 167 1312 sunt
193 1269 395 1319 Romani,
427 1284 599 1324 quorum
625 1271 767 1327 jugum
804 1274 872 1313 vix
902 1273 1085 1314 ferebant
1113 1272 1198 1314 He-

78 1341 204 1382 braei.
235 1355 278 1364 -
308 1339 450 1381 Rebus
481 1342 600 1382 etiam
645 1343 686 1382 in
726 1341 858 1382 sensus
899 1344 1197 1385 incurrentibus

81 1412 191 1453 omni
231 1423 332 1452 aevo
383 1411 642 1452 vehementer
691 1411 958 1453 movebantur
1005 1411 1198 1455 Hebraei.

82 1480 167 1536 Qui
207 1482 313 1527 enim
355 1492 523 1521 externo
566 1483 700 1537 regiae
736 1481 941 1535 dignitatis
986 1483 1200 1536 splendore

83 1551 254 1591 maxime
293 1550 556 1603 capiebantur
596 1550 793 1592 Samuelis
833 1565 963 1604 aevo,
1008 1555 1130 1595 iidem
1158 1566 1200 1595 et

84 1619 306 1661 Aristobuli
335 1631 375 1661 et
403 1619 580 1662 Herodis
605 1620 698 1663 aula
736 1633 856 1679 atque
894 1623 1107 1678 splendore
1140 1637 1204 1665 re-

84 1692 156 1746 gio
184 1691 379 1743 imprimis
406 1690 734 1742 delectabantur,
780 1705 820 1733 et
847 1693 918 1747 ipfi
950 1694 1050 1735 adeo
1087 1694 1203 1736 Mes-

86 1762 178 1802 fiam
209 1761 402 1814 optabant
430 1762 663 1816 amplissimi
697 1763 811 1817 regni
839 1762 1202 1816 splendidissimum

88 1843 249 1885 regem,
309 1831 461 1872 Davidi
505 1832 607 1873 adeo
645 1825 942 1889 *Salomouique
984 1833 1205 1890 *splendore

89 1900 350 1954 superiorem.

147 1970 227 2011 Sed
255 1971 395 2012 sufficit
425 1971 524 2013 haec
553 1984 681 2026 pauca
710 1971 987 2024 enumerasse,
1033 1986 1135 2027 quae
1162 1975 1204 2015 in

91 2041 227 2082 indole
257 2040 535 2082 Hebraeorum
564 2042 700 2085 eadem
725 2042 972 2093 manserunt,
1003 2057 1085 2086 non
1113 2057 1204 2098 per-

93 2111 346 2155 tinentiaad
385 2104 639 2168 religionem.
712 2112 860 2168 Neque
887 2115 993 2155 enim
1029 2114 1128 2157 haec
1156 2114 1207 2155 ad

578 2224 581 2227 ,
1143 2186 1205 2239 ip-

97 2277 106 2285 ,
140 2255 201 2300 (a)
225 2259 332 2293 Verba
356 2259 426 2294 suut
454 2261 507 2296 Cl.
534 2261 677 2300 Pareau,
703 2261 815 2306 Antiq.
845 2261 951 2296 IIebr.
975 2272 1008 2305 p.
1025 2264 1104 2305 438.
