1519 2729
585 167 809 226 (77)

155 316 245 357 vat,
290 317 341 353 eo
383 309 507 362 magis
541 319 705 361 quoque
735 306 1003 350 conscientiae
1044 304 1177 348 morsu
1205 305 1264 348 af-

143 376 303 423 ,ficitun
364 374 510 430 Quid?
541 378 652 430 quod
682 378 801 419 talem
831 378 982 419 sensum
1012 376 1168 419 diffiteri
1195 391 1267 419 cu-

155 447 267 499 piant
296 445 495 486 nonnulli.
555 447 682 487 Adest
709 449 981 501 experientia,
1006 461 1084 500 qua
1108 446 1266 488 inaliis

156 516 419 566 hominibus,
450 516 548 569 quid
580 517 624 556 fit
654 517 751 558 haec
769 518 930 558 moralis
958 517 1148 567 facultas,
1179 530 1267 559 cer-

154 587 262 627 nitur
287 586 422 627 adest:
455 586 742 628 animadversio
783 588 904 628 nostri
936 589 1069 641 ipfius.
1101 611 1144 619 —
1176 586 1265 635 Ita,

156 655 252 697 licet
283 658 430 698 invitus
447 687 460 707 ‚
494 658 620 698 homo
650 659 837 698 virtutem
861 657 996 700 colere
1021 668 1063 697 et
1088 658 1267 698 venerari

155 728 318 781 cogitur
358 727 423 768 sua
462 728 737 777 conscientia,
782 729 866 767 imo
908 739 947 767 et
990 728 1177 767 virtutem
1225 728 1266 767 in

154 797 323 838 inimico
364 809 446 837 non
487 798 664 837 venerari
719 809 800 837 non
844 808 992 849 potest.
1035 813 1070 821 -
1111 795 1266 849 Quam-

153 866 214 906 vis
254 866 438 906 voluntas
478 867 658 907 sensuum
700 866 905 906 illecebris
948 867 993 906 fit
1033 867 1184 905 irretita
1223 876 1266 906 et

154 935 427 981 obedientiam
470 936 552 990 legi
596 936 794 990 deneget,
842 935 1154 976 aestimationem
1205 947 1263 976 ta-

153 1017 243 1044 men
284 1005 537 1046 obedientiae
584 1006 700 1045 huius
745 1003 848 1059 legis
891 1004 1054 1044 moralis
1098 1014 1264 1044 excute-

154 1086 196 1116 re
235 1088 313 1128 pro
347 1075 515 1116 arbitrio
547 1074 682 1116 nostro
707 1086 788 1114 non
818 1074 1040 1127 possumus.
1110 1072 1265 1114 Natura

154 1144 328 1186 hominis
371 1144 534 1185 moralis
575 1158 656 1186 non
684 1155 820 1198 potest
850 1156 931 1184 non
962 1143 1151 1184 delectari
1181 1144 1262 1184 vir-

155 1226 240 1256 tute
273 1216 441 1268 eiusque
482 1228 618 1256 amore
646 1216 776 1264 affici,
808 1227 899 1256 cum
930 1215 1015 1255 eius
1049 1215 1265 1267 imaginem

154 1285 289 1325 videat
331 1287 371 1325 in
410 1285 576 1326 homine
620 1287 779 1339 integro
810 1295 850 1324 et
894 1284 979 1336 pio.
1024 1308 1069 1318 -
1111 1283 1263 1324 Virtuti

150 1350 258 1396 enim
288 1356 392 1395 inest
419 1350 595 1396 maiestas
622 1354 814 1409 quaedam
832 1383 844 1403 ,
875 1364 979 1406 quae
1005 1351 1175 1392 nostram
1197 1366 1264 1392 ca-

152 1426 215 1478 pit
241 1426 571 1475 vcnerationem3
615 1422 908 1478 pulchritudo,
954 1434 1055 1475 quae
1090 1422 1264 1463 nostram

152 1495 256 1548 rapit
302 1494 626 1536 benevolentiam
662 1505 702 1534 et
744 1492 865 1533 efficit
911 1492 1098 1546 gaudium
1140 1492 1265 1547 longe

116 1594 119 1597 -
152 1563 468 1613 nobilissimum,
513 1576 634 1619 atque
664 1577 687 1604 a
713 1562 865 1603 laetitia
898 1563 979 1602 -ista
1006 1562 1198 1617 gestiente
1223 1573 1265 1603 et

155 1632 378 1674 exsultante
405 1634 528 1690 longe
557 1633 769 1676 diversum.

212 1702 473 1745 Conscientia
503 1706 657 1759 integra
693 1703 816 1752 freti,
862 1712 1054 1753 martyres
1080 1703 1164 1741 veri
1192 1714 1266 1741 no-

156 1773 275 1813 minis
315 1784 485 1814 mortem
532 1773 841 1815 crudelissimam
880 1773 1022 1825 quieto
1059 1769 1267 1811 subierunt

155 1844 316 1891 animog
344 1841 589 1883 conscientia
616 1843 921 1884 malefactorum
954 1841 1087 1889 ducti,
1133 1841 1266 1880 homi-

155 1924 225 1952 nes
255 1912 396 1964 faepe‚
439 1925 532 1964 prae
560 1914 639 1953 vita
665 1913 762 1954 olim
789 1912 1062 1966 optatisfima‚
1095 1921 1268 1951 mortem

71 2000 93 2007 e
153 1981 376 2034 elegerunt.
460 1979 603 2034 Quid?
663 1982 774 2036 quod
827 1994 876 2022 ne
920 1981 1130 2020 hominum
1178 1982 1267 2033 qui-

156 2051 246 2093 dem
277 2049 540 2104 nequissimus
583 2051 676 2093 huic
710 2053 803 2093 voci
848 2052 1046 2098 internae,
1075 2063 1166 2090 cum
1194 2049 1267 2088 ali·
1316 2051 1319 2055 '

157 2121 317 2175 quando
361 2121 691 2176 expergiscatur,
723 2121 919 2165 filentium
956 2121 1164 2174 imponere
1185 2120 1264 2160 *ch

1158 2190 1265 2233 hune
