1519 2729
594 172 828 233 (31)

138 323 222 354 tum
250 312 380 352 redire
407 310 624 352 malebant.
685 311 766 354 Sed
794 312 983 367 quamdiu
1014 311 1267 366 splendidum

134 380 236 421 illud
266 383 306 421 in
334 381 456 421 coelo
486 382 639 435 signum
662 376 843 436 Jehbvae
880 383 1161 436 adspicerent,
1207 387 1270 439 ip-

135 449 301 504 sumque
329 450 466 490 Deum
498 438 609 491 suum
636 450 749 492 velut
775 453 816 492 in
857 452 1080 506 conspectu
1122 455 1269 503 habere

134 518 207 566 fibi
234 519 492 577 viderentur,
539 520 660 562 facile
688 522 760 563 fibi
790 523 1018 576 persuaderi
1061 525 1266 577 linebant,

132 601 178 631 ut
206 590 314 637 idola
342 602 427 641 non
454 590 653 632 colerent.
714 590 1027 646 Quamprimum
1054 606 1153 636 vcro
1186 595 1265 636 lata

131 656 225 715 lege
271 660 466 702 Sina'itica
506 674 581 714 per
621 674 778 716 paucos
814 663 1012 716 quosdam
1037 664 1122 706 dies
1152 678 1174 705 a
1197 665 1268 720 Je-

134 729 242 771 hova
283 728 451 772 relictus
498 731 579 772 sese
635 731 869 783 censerent,
925 734 1157 776 recurrebat
1198 736 1269 777 illa

133 800 254 841 bovis
280 800 526 857 Aegyptiaci
557 803 719 857 imago,
751 813 791 842 et
820 816 904 856 quo
934 803 1063 844 studio
1088 805 1169 859 jam
1199 807 1269 848 diu

132 870 318 921 fuerant,
365 870 621 914 simulacrum
664 883 810 925 petunt
844 872 926 914 Dei
957 875 1195 928 cujusdam,
1227 889 1270 926 et

131 955 298 984 vaccam
327 941 623 996 Aegyptiacam
652 940 775 981 effusa
803 942 945 983 colunt
976 943 1141 985 laetitia.

189 1010 256 1052 Ex
297 1011 348 1050 iis
388 1011 553 1064 itaque,
599 1025 703 1066 quae
748 1013 959 1068 hucusque
1015 1016 1268 1057 observando

130 1080 491 1135 perlustravimus,
535 1081 626 1122 satis
668 1084 790 1125 nobis
831 1086 990 1132 efficere
1021 1086 1149 1137 licet,
1196 1100 1269 1129 cur

131 1149 312 1192 Hebraei
351 1163 447 1205 post
489 1151 610 1192 latam
650 1151 784 1209 legem
805 1144 1050 1198 ¹Sina'iticam
1079 1169 1158 1199 tam
1191 1160 1268 1199 im-

130 1221 260 1274 penso
287 1220 418 1262 studio
444 1220 618 1262 vitulum
644 1236 809 1265 aureum
837 1225 1054 1268 coluerint.
1128 1228 1269 1281 Atque

131 1292 215 1333 hoc
243 1291 408 1345 quidem
436 1292 476 1330 in
503 1291 664 1344 populo
693 1292 884 1335 Hebraeo
918 1298 1095 1348 primum
1132 1298 1268 1340 idolo‹

131 1360 270 1419 latriae
292 1360 551 1414 exemplum,
580 1373 621 1419 et
643 1361 766 1404 facile
785 1366 999 1418 princeps,
1028 1365 1151 1408 fufius
1167 1367 1269 1409 mihi

130 1431 342 1472 videbatur
370 1431 680 1490 exponendum,
712 1435 826 1488 quod
855 1435 1102 1488 peculiarem
1131 1437 1269 1479 idolo*

130 1502 269 1543 latriae
295 1503 494 1544 rationem
525 1504 567 1542 in
593 1503 779 1556 expressa
806 1506 914 1557 quast
943 1506 1118 1563 imagine
1145 1509 1269 1551 nobis

129 1584 223 1617 ante
253 1573 400 1615 oculos
429 1586 571 1627 ponat.
632 1574 850 1615 Caeterum
879 1575 919 1617 in
948 1587 1120 1627 nostro,
1153 1579 1268 1633 quod

130 1644 325 1697 deinceps
366 1644 650 1686 instituendum
700 1646 804 1695 erit,
861 1646 1036 1696 itinere,
1084 1660 1167 1690 non
1210 1651 1268 1691 ita

129 1714 464 1770 progrediemur,
508 1727 553 1757 ut
593 1714 746 1770 fingula
785 1715 1041 1759 idololatriae
1079 1719 1269 1773 exempla

119 1796 317 1825 *notemus
334 1815 347 1835 ‚
379 1784 468 1835 sed,
494 1788 564 1839 qui
590 1786 674 1840 jam
696 1788 736 1826 in
762 1786 949 1829 altiorem
962 1790 1267 1832 ,escenderimus

131 1854 299 1904 locum,
342 1855 448 1896 unde
489 1868 572 1896 uno
611 1856 716 1910 quasi
745 1855 960 1897 oculorum
990 1859 1139 1900 intuitu
1178 1872 1268 1900 om*

129 1936 223 1965 nem
251 1925 337 1979 ejus
367 1918 568 1975 ambitum,
589 1927 818 1979 perspicere
834 1925 956 1968 liceat
973 1959 987 1978 2
1017 1929 1265 1981 peculiarem

131 1996 413 2036 tantummode
430 2025 444 2045 ,
489 2009 609 2049 quam
651 1996 858 2048 deinceps„
884 1997 925 2036 in
954 1996 1179 2040 Palaestina
1203 2001 1260 2041 in·

131 2064 260 2106 duerit
289 2065 461 2106 formam
489 2077 528 2106 et
559 2065 740 2108 habitum
757 2096 771 2116 ‚
803 2065 1120 2112 observabimus.

1103 2259 1106 2262 ⁴
1154 2224 1266 2351 gv}¹
