1519 2729
581 153 807 213 (31)

111 312 204 341 <mor
244 298 429 352 apparuit
455 295 504 336 ad
536 293 777 336 umbilicum
805 291 943 334 mollis
976 294 1025 334 ad
1063 305 1242 345 tactum,

112 370 327 411 rubicundi
358 367 534 414 coloris,
562 377 645 404 non
674 364 789 404 valde
815 363 1060 413 dolorosas,
1093 365 1135 404 in
1161 378 1244 418 quo

86 447 90 452 '
112 439 323 480 fluctuatio
353 435 668 490 percipiebatur.
729 432 886 474 Tumor
907 434 1085 475 herniam
1112 436 1244 475 umbi-

110 509 272 550 licalem
327 507 524 547 mentiens
581 505 724 558 sponte
781 503 821 544 se
884 506 1069 556 aperuit,
1129 507 1246 546 emit:⁴

113 590 200 618 tens
237 578 442 618 materiam
485 575 768 630 purulentamz,
814 574 955 627 elapfis
997 586 1128 616 autem
1175 577 1244 617 tri-

112 649 188 690 bus
214 648 355 689 diebus
385 645 633 687 lumbricum
655 655 821 685 teretem
850 646 986 686 vivum
1003 646 1138 699 ejecit.
1187 646 1245 687 A·

110 728 272 771 pertura
301 728 421 769 parva
438 727 521 755 erat
537 745 550 764 ‚
582 727 655 768 per
680 728 765 756 eam
783 728 880 756 vero
897 716 1080 756 manabat
1097 716 1247 768 chylus

110 800 183 841 per
210 786 380 839 longum
412 786 501 826 fatis
531 796 721 838 tempusg
754 786 911 827 tandem
940 783 1247 827 claudebatur.”

168 855 236 897 Cl.
271 856 324 897 G.
357 868 457 895 van
490 854 804 896 Doeveren
850 855 931 909 (ι)
962 868 1157 897 memorat
1193 857 1243 910 de

109 926 261 966 infante
281 956 292 971 ‚
334 936 498 965 mortuo
549 937 572 965 a
623 925 901 978 perforatione
955 928 1241 969 intestinorum

109 994 338 1037 Lumbrico
364 995 470 1036 facta
493 991 591 1047 (2).

167 1064 245 1107 Est
274 1064 639 1116 Houttuynii
681 1065 912 1107 observatio
953 1066 1102 1107 haecce
1134 1065 1243 1121 (3)z

108 1136 302 1188 „mense
338 1135 486 1177 Martis
525 1135 636 1176 Anni
682 1135 803 1189 1760.
847 1123 991 1177 mulie'r
1035 1150 1090 1188 40
1115 1150 1244 1179 annos

107 1219 199 1247 nata
241 1219 318 1247 ano
346 1206 466 1260 ejecit
506 1217 712 1254 vermem,
751 1206 816 1247 cui
855 1218 938 1247 uno
973 1207 1098 1249 latere
1133 1207 1242 1249 linea

108 1288 192 1316 crat
217 1276 368 1316 insoliti
397 1275 496 1328 quid
522 1273 771 1324 monstrans:,
804 1274 862 1314 ibi
895 1274 1007 1323 loci,
1040 1289 1132 1317 cum
1167 1288 1242 1329 pet

107 1346 276 1400 aliquod
313 1358 472 1399 tempus
502 1346 650 1386 vermis
679 1357 782 1398 aqua
821 1345 1030 1386 immersus
1069 1346 1240 1396 fuisset,

106 1428 158 1457 ex
208 1429 383 1469 corpore
426 1417 686 1457 emittebatur
726 1408 1009 1456 intestinorum
1046 1413 1111 1456 vet
1171 1431 1239 1458 va-

107 1484 241 1525 sorum
275 1484 430 1538 species
460 1485 587 1526 albidi
616 1485 784 1526 coloris,
845 1483 995 1534 Erant,
1028 1487 1098 1539 qui
1125 1499 1242 1540 puta-

106 1567 194 1595 rent
222 1556 402 1609 juniores
444 1567 600 1595 vermes
644 1555 755 1605 esse,
797 1555 900 1600 mihi
942 1567 1075 1597 autem
1116 1570 1241 1610 appa·

48 1682 49 1685 Ἴ
106 1637 270 1670 ruerunt
321 1625 502 1666 instituto
543 1627 755 1674 examine,
811 1637 944 1679 partes
1000 1627 1243 1680 genitales.'’

106 1695 217 1736 Bene
251 1708 385 1738 autem
425 1696 665 1750 suspicatus*
690 1707 751 1737 est
795 1695 835 1737 H
851 1710 876 1737 o
891 1710 917 1737 u
935 1707 950 1737 t
966 1707 980 1737 t
996 1709 1022 1736 u
1037 1709 1060 1748 y
1077 1699 1206 1739 nius
1223 1729 1236 1749 ‚

1196 1770 1243 1810 fi-
1268 1786 1269 1789 ,

151 1864 215 1910 (1)
241 1868 285 1901 G.
308 1877 329 1900 v
343 1877 360 1900 a
374 1877 394 1900 ιι
423 1868 455 1901 D
471 1877 491 1900 o
508 1877 525 1900 e
541 1877 564 1899 v
580 1877 598 1900 e
614 1877 630 1900 r
646 1877 663 1900 e
678 1878 699 1900 n
714 1892 725 1909 ,
749 1868 910 1912 Spc²cimm
939 1868 1110 1911 Obskwat.
1136 1871 1238 1907 Amul.

105 1926 259 1968 Croning.
279 1932 311 1958 et
333 1924 434 1968 Lugd.
456 1924 538 1958 Bat.
563 1926 658 1967 1765.
683 1935 717 1967 p.
741 1934 815 1966 191.

151 1980 215 2027 (2)
238 1982 382 2015 Vermem
407 1990 518 2015 autem
539 1984 692 2015 intestina
725 1993 784 2015 non
806 1981 982 2026 petfhrassb
1016 1984 1240 2029 demonstravit

107 2038 253 2073 Rudol
269 2039 397 2082 phius
413 2039 519 2074 ,1.1.
542 2039 617 2073 Vol.
637 2039 666 2072 1.
694 2049 728 2081 p.
755 2040 822 2082 426
838 2051 943 2084 -437.

151 2093 215 2140 (3)
240 2097 334 2131 IIou
348 2104 497 2138 ttuyn,
534 2096 747 2141 Wrgelis'king
784 2097 842 2129 der
876 2098 1065 2132 Aawdworm
1109 2108 1173 2133 met
1199 2102 1237 2134 de

105 2152 387 2195 Bset4ll·lze11³‡⁷01·717‚
409 2147 637 2186 inzomlcrlzsi'd
660 2160 714 2186 ten
736 2156 859 2196 opztgrse
886 2166 914 2185 1¹1
980 2155 1142 2198 fletzelves·
1167 2159 1237 2192 dee-

104 2211 153 2244 len
173 2221 234 2243 mn
253 2211 268 2243 l
279 2209 463 2255 'aot-ttecling
476 2235 486 2248 ,
509 2214 542 2244 in
570 2210 696 2254 mtgez.
718 2208 814 2247 Vcrh.
842 2211 887 2246 D.
928 2240 930 2244 ,
996 2237 1012 2246 ψ.
1033 2215 1110 2249 208.

122 2303 130 2326 )
