1519 2729
597 145 851 206 (149)

143 287 279 340 prouti
315 285 404 342 Jura
424 287 550 342 magis
582 287 764 328 minusve
800 284 1020 328 necessarie
1062 285 1103 325 in
1128 285 1268 326 civita-

143 366 184 395 te
200 355 403 397 'vindicari
429 348 549 411 atque
579 355 781 398 observari
808 357 977 397 debeant
992 356 1030 395 in
1050 355 1269 405 societate,

142 425 373 467 dividuntur
401 428 440 468 in
469 427 652 481 perfecta
673 439 715 468 et
738 426 1011 480 imperfecta.»
1050 426 1273 481 >Quaecun-

141 503 245 550 que,
270 497 336 552 jus
349 499 513 551 proprie
541 499 595 538 ita
623 497 801 548 dictum,
830 497 962 550 aliqua
990 497 1145 537 ratione
1172 508 1272 538 con-

139 567 289 609 ducere
339 579 477 622 potest
512 569 562 610 ad
601 568 808 622 publicam
843 565 1085 616 utilitatem,
1129 565 1271 608 funda-

139 639 317 679 mentum
372 637 483 678 suum
538 638 682 679 exinde
742 647 972 684 mutuatur,
1031 636 1144 690 quod
1217 649 1272 679 eo

139 707 294 756 tendit,
339 719 384 749 ut
425 708 524 748 haec
562 708 729 761 publica
770 708 923 749 utilitas
963 719 1269 760 promoveatur.

140 776 405 820 observantia
423 790 464 821 et
486 778 792 831 implementum
822 778 1019 832 cujusque
1043 778 1145 831 juris
1171 792 1270 832 pro·

133 850 223 901 prie
250 850 304 889 ita
331 850 428 890 dicti
455 848 627 890 aliorum
644 877 657 897 ‚
689 859 750 888 est
779 860 842 888 res
867 848 1166 897 conscientiae,
1196 860 1268 889 ne-

87 908 91 912 ’
133 918 347 959 cessarium
377 919 501 972 quid,
533 931 578 960 ut
605 918 688 959 Dei
717 931 757 960 et
787 931 877 961 tuae
906 921 1027 973 ipfius
1057 919 1270 961 conscien-

132 990 210 1030 tiae
236 989 574 1044 approbationem
607 981 866 1030 nanciscaris.
951 987 1163 1030 Nonnulla
1199 1001 1269 1028 ve-

129 1073 178 1101 ro
220 1060 364 1101 horum
395 1060 546 1114 jurium
581 1060 670 1101 sunt
709 1058 937 1114 ejusmodi,
982 1071 1084 1111 quae
1116 1058 1271 1101 utilitas

128 1129 298 1184 publica
324 1131 531 1184 requirat,
562 1129 607 1171 ut
627 1126 799 1186 semper
828 1130 1085 1172 vindicentur
1111 1141 1153 1171 et
1189 1129 1266 1171 ob-

133 1198 339 1240 serventur
364 1201 513 1253 cuique
540 1212 588 1241 ea
617 1200 805 1249 habenti,
836 1210 877 1240 et
904 1199 1067 1253 quidem
1094 1213 1169 1254 per
1195 1213 1270 1241 co-

127 1260 364 1319 actionem,
408 1270 478 1310 ubi
507 1271 689 1311 mitiores
733 1269 845 1311 modi
884 1281 1103 1312 cernuntur
1139 1270 1266 1312 ineffi-

127 1351 273 1388 caeeS‚
323 1352 371 1396 ea
412 1339 601 1382 dicuntur
624 1339 749 1396 sura
775 1337 1006 1394 Perfecta,
1048 1340 1089 1380 in
1115 1339 1266 1393 quibus

129 1399 314 1450 censetur
338 1410 403 1463 jus
430 1411 826 1465 cujusqueinnocui
858 1409 1036 1451 hominis
1064 1408 1114 1450 ad
1138 1410 1267 1451 vitam

132 1480 267 1529 suam,
298 1479 453 1533 reliqua
483 1479 508 1532 ζ
517 1477 579 1532 1).
714 1480 717 1482 ’

181 1578 211 1602 ,,
244 1538 434 1604 Ξοσὶειζγ,
476 1551 634 1603 inquit,
680 1563 762 1592 can
817 1561 888 1593 not
921 1547 1076 1606 subfist
1122 1546 1274 1605 unless

126 1645 156 1670 „
186 1617 299 1672 these
328 1619 469 1675 rights
497 1633 576 1661 are
592 1617 797 1673 sacred.”
844 1620 1007 1663 ,Nullus
1035 1621 1163 1662 homo
1200 1619 1262 1660 fe-

126 1686 184 1729 lix
217 1687 301 1730 csse
342 1701 507 1744 potest,
549 1690 778 1744 ejusmodi,
822 1691 944 1744 ipfius
980 1691 1138 1746 J'uribus
1179 1701 1260 1744 pro

595 1775 597 1777 ·
1199 1772 1263 1801 ar-

169 1895 233 1941 (1)
266 1898 431 1940 Loquitur
469 1897 834 1933 Hutchesonus
871 1899 1006 1942 quidem
1036 1898 1085 1932 >de
1123 1899 1258 1945 Juribus

123 1954 211 1998 perf.
249 1963 284 1988 et
321 1956 450 1998 imperf.
494 1963 528 1988 et
570 1956 686 1994 locus,
723 1957 833 1999 itaque
866 1955 938 1991 ‘hi'c'
965 1959 1126 1992 excitatus
1154 1956 1258 1990 minus

124 2021 309 2054 congruens
338 2021 452 2045 nostro
484 2012 588 2054 scopo
631 2013 726 2047 facile
750 2013 950 2054 videretur,
987 2024 1103 2048 verum
1127 2013 1257 2058 semper

122 2069 193 2115 Juri
210 2068 436 2112 opposuerunt
465 2068 619 2104 officium.
666 2069 762 2103 Unde
787 2070 823 2104 fit
851 2080 888 2104 ut
916 2071 973 2114 qui
994 2071 1036 2104 de
1056 2070 1183 2117 Jurium
1208 2072 1257 2105 iu-

124 2125 201 2158 dole
226 2126 317 2168 agit,
355 2124 398 2159 de
428 2125 539 2159 officio
566 2126 657 2169 quod
686 2137 760 2161 cum
790 2137 834 2160 eo
857 2128 1030 2170 congruit,
1059 2128 1158 2170 eique
1202 2136 1256 2161 re-

121 2181 260 2226 spondet
287 2181 377 2217 fimul
400 2192 465 2216 non
493 2193 592 2226 agere
616 2194 681 2219 non
708 2182 820 2229 possit.
