1519 2729
796 212 1021 268 (34)

339 339 450 405 pulis
491 338 782 392 e'ommercitiln
821 349 1028 393 habentes.
1109 348 1249 404 Itaque
1297 342 1470 393 illorum*

336 421 553 463 illecebras
584 411 666 461 uon
691 431 911 473 potnerunt
937 433 1019 461 non
1048 431 1200 461 mature
1226 421 1307 474 jam
1336 433 1460 474 expe-

336 491 408 532 riri
435 480 643 530 Hebraei.¹
696 489 740 530 In
771 489 927 531 deserto
955 491 1061 530 enim
1087 490 1168 544 jam
1199 488 1333 530 secum
1363 503 1460 543 por-

331 559 436 600 tasse
479 559 667 600 dicuntur
706 560 772 605 τὴν
808 561 941 604 σκηνὴν
970 563 1034 599 τοῦ
1066 560 1206 608 Μολόχ
1236 557 1343 612 (a),
1386 572 1458 601 eo-

333 642 415 684 que
457 629 722 683 perversitatis
766 628 1077 683 processerunt‚
1122 639 1166 669 ut
1203 639 1346 670 terram
1378 628 1456 669 Ca-

329 701 570 741 nattniticam
609 699 773 754 jamjam
812 698 1027 753 ingressuri
1068 699 1205 751 impiis
1245 698 1454 739 Moabita—

286 800 289 802 -
328 780 420 810 ‘rum
465 767 584 809 saci-Is
623 767 703 808 sese
743 767 1018 822 prostituerint
1058 765 1152 820 (b).
1205 767 1458 809 *Moabitae

332 839 440 878 enim
457 850 497 880 et
513 838 754 880 Midianitae
783 837 1043 879 vehementer
1058 838 1130 879 fibi
1144 837 1377 879 metuebant
1404 838 1454 882 ab

329 905 553 960 Israeliti52,
586 907 733 962 quibus
760 921 853 949 cum
880 920 1082 949 armorum
1112 909 1152 949 vi
1175 909 1355 950 refistere
1370 920 1454 949 non

327 977 549 1027 auderent,
591 990 667 1018 nec
697 991 771 1031 per
794 977 1023 1019 Bileamum
1053 978 1156 1019 diras
1199 979 1248 1018 iis
1287 978 1455 1031 possent

329 1047 572 1101 imprecari,
611 1046 865 1100 voluptatum
902 1048 1057 1102 laqueis
1085 1031 1157 1088 eos
1185 1048 1337 1088 irretire
1366 1059 1453 1088 ten-

323 1125 475 1157 tarunt.
507 1116 672 1157 Festum
702 1118 810 1159 enim
833 1129 917 1159 erat
946 1116 1234 1160 celebrandum
1261 1119 1302 1158 in
1322 1118 1453 1159 hono-

322 1198 411 1226 rem
428 1186 523 1227 ssaffl
537 1210 553 1217 -
570 1186 710 1227 Peoris
724 1217 736 1235 ‚
768 1188 809 1227 in
835 1200 921 1241 quo
943 1189 1214 1243 virginitatem
1232 1186 1339 1228 suam
1355 1186 1454 1228 Deo

323 1256 561 1297 consecrare
598 1256 780 1297 solebant
819 1256 1007 1311 puellae,
1045 1268 1085 1298 et
1125 1271 1217 1298 cum
1258 1257 1451 1298 foeminis

322 1325 599 1368 concumbere
613 1327 710 1368 viris
724 1329 889 1381 impune
901 1326 1053 1368 licebat
1068 1325 1156 1381 (c).
1202 1325 1301 1382 Quo
1325 1328 1451 1382 magis

1372 1398 1450 1452 igi-

363 1515 429 1564 (a)
451 1519 531 1553 Act.
559 1518 635 1553 VII:
661 1529 703 1564 42
720 1545 731 1561 ,
753 1528 810 1565 43.
832 1520 935 1554 Amos
962 1521 1002 1558 V:
1031 1527 1074 1562 25
1090 1544 1102 1561 ,
1124 1518 1180 1554 26.
1209 1519 1340 1554 Ezech.
1369 1517 1446 1554 XX:

313 1575 366 1623 Ι16
379 1600 389 1616 ,
416 1576 454 1609 18
472 1600 483 1616 ,
507 1586 562 1619 24.

363 1629 425 1676 (b)
449 1631 592 1667 Numer.
615 1633 718 1669 XXV.
742 1634 790 1668 Ps.
814 1634 902 1669 CVI:
925 1643 981 1668 21.
1006 1633 1115 1668 Hosea
1140 1635 1199 1670 IX:
1232 1643 1285 1668 10.
1318 1643 1331 1668 1
1361 1633 1446 1669 Cor.

310 1688 359 1722 X:
389 1689 423 1722 8.
1006 1707 1009 1710 >
1412 1690 1414 1693 ’

363 1741 420 1788 (c)
444 1745 551 1786 Hess‚
589 1747 612 1780 1.
653 1747 676 1780 l.
718 1747 764 1781 IV
791 1747 856 1782 Th.
883 1749 930 1783 VI
954 1748 994 1782 B.
1020 1748 1070 1781 ΠΙ
1112 1746 1216 1781 Abth.
1245 1745 1449 1788 Michaelis,

310 1802 341 1834 Ι.
366 1801 389 1834 l.
414 1802 432 1844 §
460 1803 539 1837 268.
562 1812 636 1845 pag.
659 1804 721 1846 308
739 1828 749 1844 ,
778 1814 855 1847 309.
883 1806 902 1849 §
932 1815 988 1848 92.
1017 1814 1090 1846 pag.
1122 1813 1206 1846 151,
1237 1813 1312 1847 152.
1345 1804 1448 1838 Mun·

317 1856 431 1898 tinghe
447 1883 457 1898 ‚
481 1859 505 1891 1.
529 1859 550 1890 1.
574 1860 670 1893 Tom.
699 1861 759 1894 ΙΙΙ.
782 1870 855 1903 pag.
885 1871 964 1903 330.
1010 1860 1087 1894 Alio
1105 1860 1236 1894 nomine
1274 1859 1360 1904 apud
1387 1860 1446 1894 ali-

314 1922 353 1945 os
381 1915 523 1956 populos
552 1914 675 1948 dicitur
700 1916 828 1950 Phallus
865 1926 899 1950 et
933 1917 1095 1961 Lingam,
1139 1915 1205 1951 five
1246 1917 1380 1960 Priapus
1410 1925 1447 1950 et

314 1969 505 2011 Mutunus,
549 1973 639 2006 conf.
669 1974 801 2008 omnino
825 1958 977 2007 Meiners
994 1998 1005 2015 ‚
1048 1974 1070 2008 1.
1099 1974 1121 2008 1.
1152 1974 1167 2008 Ι
1193 1973 1255 2009 Th.
1282 1983 1355 2015 pag·
1379 1982 1441 2016 251

302 2027 427 2069 seqq„
453 2028 610 2070 imprimis
633 2040 665 2072 p.
682 2039 759 2074 255.
807 2032 887 2065 Post
910 2031 1116 2064 Salomonem
1145 2030 1210 2063 hoc
1239 2029 1444 2064 idololatriae

296 2082 414 2125 ‘genus
439 2095 534 2126 quam
558 2088 698 2121 maxime
728 2087 864 2121 invaluit
905 2097 924 2122 2
955 2087 1044 2128 Reg.
1073 2087 1197 2121 XXIII:
1234 2095 1268 2130 7.
1311 2087 1442 2124 Ezech.

314 2139 410 2174 VIII:
440 2151 471 2182 3.
494 2143 582 2175 XVI:
616 2153 666 2187 17.
741 2145 842 2178 Conf.
871 2144 927 2178 CI.
955 2152 1016 2175 van
1045 2142 1106 2176 der
1135 2143 1249 2184 Palm,
1285 2142 1325 2177 ad
1354 2143 1387 2178 h-.
1417 2143 1441 2177 1.

307 2196 436 2240 Neque
465 2197 545 2230 illud
569 2198 639 2232 esse
672 2200 892 2242 repetendum
919 2209 937 2232 e
965 2197 1132 2233 desiderio
1160 2200 1262 2242 prolis
1287 2200 1441 2234 obtinen-

305 2251 391 2295 dae,
419 2253 477 2289 sed
502 2263 546 2291 ex
574 2256 779 2299 voluptatum
805 2265 841 2298 et
863 2255 1033 2293 libidinum
1057 2256 1186 2299 studiis,
1215 2255 1336 2301 quibus
1350 2265 1440 2298 mag-

1379 2322 1437 2346 no-
