<?xml version="1.0" encoding="UTF-8"?>
<!DOCTYPE html PUBLIC "-//W3C//DTD XHTML 1.0 Transitional//EN"
    "http://www.w3.org/TR/xhtml1/DTD/xhtml1-transitional.dtd">
<html xmlns="http://www.w3.org/1999/xhtml" xml:lang="en" lang="en">
 <head>
  <title>
</title>
<meta http-equiv="Content-Type" content="text/html;charset=utf-8" />
  <meta name='ocr-system' content='tesseract 3.04.00' />
  <meta name='ocr-capabilities' content='ocr_page ocr_carea ocr_par ocr_line ocrx_word'/>
</head>
<body>
  <div class='ocr_page' id='page_1' title='image "annalesacademiae22acad_0578.png"; bbox 0 0 1519 2729; ppageno 0'>
   <div class='ocr_carea' id='block_1_1' title="bbox 654 175 902 231">
    <p class='ocr_par' dir='ltr' id='par_1_1' title="bbox 654 175 902 231">
     <span class='ocr_line' id='line_1_1' title="bbox 654 175 902 231; baseline -0.008 0"><span class='ocrx_word' id='word_1_1' title='bbox 654 176 690 231; x_wconf 72' lang='lat' dir='ltr'><em>C</em></span> <span class='ocrx_word' id='word_1_2' title='bbox 743 180 819 221; x_wconf 84' lang='lat'><strong>118</strong></span> <span class='ocrx_word' id='word_1_3' title='bbox 881 175 902 229; x_wconf 82' lang='lat'>&gt;</span> 
     </span>
    </p>
   </div>
   <div class='ocr_carea' id='block_1_2' title="bbox 218 314 1396 2029">
    <p class='ocr_par' dir='ltr' id='par_1_2' title="bbox 218 314 1348 1488">
     <span class='ocr_line' id='line_1_2' title="bbox 219 314 1329 368; baseline -0.002 -10"><span class='ocrx_word' id='word_1_4' title='bbox 219 318 307 363; x_wconf 75' lang='lat' dir='ltr'><strong>cius</strong></span> <span class='ocrx_word' id='word_1_5' title='bbox 344 314 385 355; x_wconf 84' lang='lat' dir='ltr'><strong>se</strong></span> <span class='ocrx_word' id='word_1_6' title='bbox 426 314 604 361; x_wconf 68' lang='lat' dir='ltr'><strong>exserere</strong></span> <span class='ocrx_word' id='word_1_7' title='bbox 648 315 830 368; x_wconf 87' lang='lat' dir='ltr'><strong>coepisse</strong></span> <span class='ocrx_word' id='word_1_8' title='bbox 866 315 1033 366; x_wconf 83' lang='lat' dir='ltr'><strong>dicunt,</strong></span> <span class='ocrx_word' id='word_1_9' title='bbox 1076 315 1227 356; x_wconf 77' lang='lat' dir='ltr'><strong>adiutas</strong></span> <span class='ocrx_word' id='word_1_10' title='bbox 1266 314 1329 356; x_wconf 58' lang='lat' dir='ltr'><strong>sof-</strong></span> 
     </span>
     <span class='ocr_line' id='line_1_3' title="bbox 218 383 1331 438; baseline -0.004 -10"><span class='ocrx_word' id='word_1_11' title='bbox 218 386 270 428; x_wconf 84' lang='lat' dir='ltr'><strong>lis</strong></span> <span class='ocrx_word' id='word_1_12' title='bbox 307 385 466 434; x_wconf 82' lang='lat' dir='ltr'><strong>calore,</strong></span> <span class='ocrx_word' id='word_1_13' title='bbox 509 397 549 426; x_wconf 87' lang='lat' dir='ltr'><strong>et</strong></span> <span class='ocrx_word' id='word_1_14' title='bbox 577 386 656 434; x_wconf 80' lang='lat' dir='ltr'><strong>ita,</strong></span> <span class='ocrx_word' id='word_1_15' title='bbox 689 398 739 426; x_wconf 85' lang='lat' dir='ltr'><strong>ex</strong></span> <span class='ocrx_word' id='word_1_16' title='bbox 769 398 870 426; x_wconf 83' lang='lat' dir='ltr'><strong>terra</strong></span> <span class='ocrx_word' id='word_1_17' title='bbox 912 385 1129 435; x_wconf 80' lang='lat' dir='ltr'><strong>inchoata,</strong></span> <span class='ocrx_word' id='word_1_18' title='bbox 1179 383 1331 438; x_wconf 81' lang='lat' dir='ltr'><strong>(chaos</strong></span> 
     </span>
     <span class='ocr_line' id='line_1_4' title="bbox 221 453 1331 509; baseline -0.003 -12"><span class='ocrx_word' id='word_1_19' title='bbox 221 453 387 507; x_wconf 81' lang='lat' dir='ltr'><strong>dicunt)</strong></span> <span class='ocrx_word' id='word_1_20' title='bbox 432 456 579 509; x_wconf 83' lang='lat' dir='ltr'><strong>sponte</strong></span> <span class='ocrx_word' id='word_1_21' title='bbox 617 455 682 496; x_wconf 83' lang='lat' dir='ltr'><strong>sua</strong></span> <span class='ocrx_word' id='word_1_22' title='bbox 726 455 921 508; x_wconf 86' lang='lat' dir='ltr'><strong>prodiisse</strong></span> <span class='ocrx_word' id='word_1_23' title='bbox 957 455 1110 508; x_wconf 73' lang='lat' dir='ltr'><strong>plantas</strong></span> <span class='ocrx_word' id='word_1_24' title='bbox 1151 467 1198 496; x_wconf 84' lang='lat' dir='ltr'><strong>ac</strong></span> <span class='ocrx_word' id='word_1_25' title='bbox 1241 454 1331 494; x_wconf 86' lang='lat' dir='ltr'><strong>her-</strong></span> 
     </span>
     <span class='ocr_line' id='line_1_5' title="bbox 221 524 1345 579; baseline -0.004 -12"><span class='ocrx_word' id='word_1_26' title='bbox 221 528 319 576; x_wconf 77' lang='lat' dir='ltr'><strong>bas,</strong></span> <span class='ocrx_word' id='word_1_27' title='bbox 351 525 570 579; x_wconf 83' lang='lat' dir='ltr'><strong>eademque</strong></span> <span class='ocrx_word' id='word_1_28' title='bbox 605 527 758 567; x_wconf 82' lang='lat' dir='ltr'><strong>ratione</strong></span> <span class='ocrx_word' id='word_1_29' title='bbox 798 525 1011 574; x_wconf 78' lang='lat' dir='ltr'><strong>animaliaz,</strong></span> <span class='ocrx_word' id='word_1_30' title='bbox 1059 525 1156 565; x_wconf 77' lang='lat' dir='ltr'><strong>haec</strong></span> <span class='ocrx_word' id='word_1_31' title='bbox 1198 524 1345 564; x_wconf 45' lang='lat' dir='ltr'><strong>omnia*</strong></span> 
     </span>
     <span class='ocr_line' id='line_1_6' title="bbox 218 593 1333 647; baseline -0.004 -10"><span class='ocrx_word' id='word_1_32' title='bbox 218 608 374 646; x_wconf 80' lang='lat' dir='ltr'><strong>autem,</strong></span> <span class='ocrx_word' id='word_1_33' title='bbox 404 607 486 636; x_wconf 89' lang='lat' dir='ltr'><strong>non</strong></span> <span class='ocrx_word' id='word_1_34' title='bbox 509 597 558 637; x_wconf 81' lang='lat' dir='ltr'><strong>ab</strong></span> <span class='ocrx_word' id='word_1_35' title='bbox 587 597 706 636; x_wconf 89' lang='lat' dir='ltr'><strong>initio</strong></span> <span class='ocrx_word' id='word_1_36' title='bbox 737 597 858 647; x_wconf 83' lang='lat' dir='ltr'><strong>inde‚</strong></span> <span class='ocrx_word' id='word_1_37' title='bbox 890 596 956 637; x_wconf 83' lang='lat' dir='ltr'><strong>sed</strong></span> <span class='ocrx_word' id='word_1_38' title='bbox 972 596 1105 636; x_wconf 75' lang='lat' dir='ltr'><strong>sensim</strong></span> <span class='ocrx_word' id='word_1_39' title='bbox 1121 593 1333 646; x_wconf 80' lang='lat' dir='ltr'><strong>paulatim-</strong></span> 
     </span>
     <span class='ocr_line' id='line_1_7' title="bbox 220 663 1335 721; baseline -0.006 -13"><span class='ocrx_word' id='word_1_40' title='bbox 220 680 324 721; x_wconf 84' lang='lat' dir='ltr'><strong>que,</strong></span> <span class='ocrx_word' id='word_1_41' title='bbox 367 667 416 708; x_wconf 86' lang='lat' dir='ltr'><strong>ad</strong></span> <span class='ocrx_word' id='word_1_42' title='bbox 459 665 578 707; x_wconf 86' lang='lat' dir='ltr'><strong>talem</strong></span> <span class='ocrx_word' id='word_1_43' title='bbox 617 666 772 706; x_wconf 81' lang='lat' dir='ltr'><strong>formae</strong></span> <span class='ocrx_word' id='word_1_44' title='bbox 801 677 841 706; x_wconf 90' lang='lat' dir='ltr'><strong>et</strong></span> <span class='ocrx_word' id='word_1_45' title='bbox 862 665 1077 705; x_wconf 83' lang='lat' dir='ltr'><strong>structurae</strong></span> <span class='ocrx_word' id='word_1_46' title='bbox 1107 663 1335 718; x_wconf 74' lang='lat' dir='ltr'><strong>pervenisse</strong></span> 
     </span>
     <span class='ocr_line' id='line_1_8' title="bbox 218 732 1348 790; baseline -0.004 -14"><span class='ocrx_word' id='word_1_47' title='bbox 218 735 459 790; x_wconf 82' lang='lat' dir='ltr'><strong>elegantiam</strong></span> <span class='ocrx_word' id='word_1_48' title='bbox 497 748 544 775; x_wconf 87' lang='lat' dir='ltr'><strong>ac</strong></span> <span class='ocrx_word' id='word_1_49' title='bbox 583 735 893 789; x_wconf 83' lang='lat' dir='ltr'><strong>perfectionem.</strong></span> <span class='ocrx_word' id='word_1_50' title='bbox 955 734 1072 790; x_wconf 80' lang='lat' dir='ltr'><strong>Quae</strong></span> <span class='ocrx_word' id='word_1_51' title='bbox 1110 735 1216 773; x_wconf 85' lang='lat' dir='ltr'><strong>enim</strong></span> <span class='ocrx_word' id='word_1_52' title='bbox 1252 732 1348 772; x_wconf 86' lang='lat' dir='ltr'><strong>for·.</strong></span> 
     </span>
     <span class='ocr_line' id='line_1_9' title="bbox 221 805 1337 858; baseline -0.005 -11"><span class='ocrx_word' id='word_1_53' title='bbox 221 807 325 847; x_wconf 85' lang='lat' dir='ltr'><strong>tuito</strong></span> <span class='ocrx_word' id='word_1_54' title='bbox 353 805 581 853; x_wconf 80' lang='lat' dir='ltr'><strong>exstiterant</strong></span> <span class='ocrx_word' id='word_1_55' title='bbox 610 805 809 854; x_wconf 84' lang='lat' dir='ltr'><strong>monstra,</strong></span> <span class='ocrx_word' id='word_1_56' title='bbox 836 807 891 846; x_wconf 83' lang='lat' dir='ltr'><strong>ita</strong></span> <span class='ocrx_word' id='word_1_57' title='bbox 920 816 1152 858; x_wconf 80' lang='lat' dir='ltr'><strong>comparata</strong></span> <span class='ocrx_word' id='word_1_58' title='bbox 1182 813 1337 855; x_wconf 87' lang='lat' dir='ltr'><strong>utpro-</strong></span> 
     </span>
     <span class='ocr_line' id='line_1_10' title="bbox 220 874 1337 929; baseline -0.005 -12"><span class='ocrx_word' id='word_1_59' title='bbox 220 888 356 917; x_wconf 85' lang='lat' dir='ltr'><strong>creare</strong></span> <span class='ocrx_word' id='word_1_60' title='bbox 401 875 559 929; x_wconf 84' lang='lat' dir='ltr'><strong>prolem</strong></span> <span class='ocrx_word' id='word_1_61' title='bbox 597 887 680 917; x_wconf 91' lang='lat' dir='ltr'><strong>non</strong></span> <span class='ocrx_word' id='word_1_62' title='bbox 721 874 914 928; x_wconf 86' lang='lat' dir='ltr'><strong>possent,</strong></span> <span class='ocrx_word' id='word_1_63' title='bbox 959 876 1158 916; x_wconf 87' lang='lat' dir='ltr'><strong>continuo</strong></span> <span class='ocrx_word' id='word_1_64' title='bbox 1197 884 1247 912; x_wconf 89' lang='lat' dir='ltr'><strong>ex</strong></span> <span class='ocrx_word' id='word_1_65' title='bbox 1273 883 1337 911; x_wconf 88' lang='lat' dir='ltr'><strong>re-</strong></span> 
     </span>
     <span class='ocr_line' id='line_1_11' title="bbox 220 940 1335 997; baseline -0.004 -11"><span class='ocrx_word' id='word_1_66' title='bbox 220 959 308 987; x_wconf 79' lang='lat' dir='ltr'><strong>rum</strong></span> <span class='ocrx_word' id='word_1_67' title='bbox 337 957 476 986; x_wconf 86' lang='lat' dir='ltr'><strong>natura</strong></span> <span class='ocrx_word' id='word_1_68' title='bbox 492 945 720 996; x_wconf 63' lang='lat' dir='ltr'><strong>cxcidisseg</strong></span> <span class='ocrx_word' id='word_1_69' title='bbox 753 945 820 986; x_wconf 91' lang='lat' dir='ltr'><strong>sed</strong></span> <span class='ocrx_word' id='word_1_70' title='bbox 852 944 1058 994; x_wconf 83' lang='lat' dir='ltr'><strong>animalia,</strong></span> <span class='ocrx_word' id='word_1_71' title='bbox 1089 955 1190 997; x_wconf 85' lang='lat' dir='ltr'><strong>quae</strong></span> <span class='ocrx_word' id='word_1_72' title='bbox 1218 940 1335 982; x_wconf 88' lang='lat' dir='ltr'><strong>exsti-</strong></span> 
     </span>
     <span class='ocr_line' id='line_1_12' title="bbox 227 1004 1339 1073; baseline -0.005 -17"><span class='ocrx_word' id='word_1_73' title='bbox 227 1027 359 1060; x_wconf 79' lang='lat' dir='ltr'><strong>terunt</strong></span> <span class='ocrx_word' id='word_1_74' title='bbox 389 1015 663 1073; x_wconf 73' lang='lat' dir='ltr'><strong>perfectiora,</strong></span> <span class='ocrx_word' id='word_1_75' title='bbox 696 1027 822 1070; x_wconf 86' lang='lat' dir='ltr'><strong>genus</strong></span> <span class='ocrx_word' id='word_1_76' title='bbox 853 1015 962 1056; x_wconf 87' lang='lat' dir='ltr'>suum</span> <span class='ocrx_word' id='word_1_77' title='bbox 986 1011 1218 1067; x_wconf 85' lang='lat' dir='ltr'><strong>procreasse</strong></span> <span class='ocrx_word' id='word_1_78' title='bbox 1235 1041 1247 1060; x_wconf 86' lang='lat'>‚</span> <span class='ocrx_word' id='word_1_79' title='bbox 1273 1004 1339 1050; x_wconf 53' lang='lat' dir='ltr'><strong>eass</strong></span> 
     </span>
     <span class='ocr_line' id='line_1_13' title="bbox 223 1082 1338 1139; baseline -0.004 -13"><span class='ocrx_word' id='word_1_80' title='bbox 223 1098 302 1139; x_wconf 85' lang='lat' dir='ltr'><strong>que</strong></span> <span class='ocrx_word' id='word_1_81' title='bbox 327 1087 611 1138; x_wconf 84' lang='lat' dir='ltr'><strong>procreatione</strong></span> <span class='ocrx_word' id='word_1_82' title='bbox 637 1087 829 1126; x_wconf 80' lang='lat' dir='ltr'><strong>continua</strong></span> <span class='ocrx_word' id='word_1_83' title='bbox 856 1085 907 1126; x_wconf 86' lang='lat' dir='ltr'><strong>a&#39;d</strong></span> <span class='ocrx_word' id='word_1_84' title='bbox 934 1084 1143 1126; x_wconf 87' lang='lat' dir='ltr'><strong>meliorem</strong></span> <span class='ocrx_word' id='word_1_85' title='bbox 1167 1082 1338 1122; x_wconf 89' lang='lat' dir='ltr'><strong>structu-</strong></span> 
     </span>
     <span class='ocr_line' id='line_1_14' title="bbox 221 1151 1340 1209; baseline -0.007 -12"><span class='ocrx_word' id='word_1_86' title='bbox 221 1169 304 1197; x_wconf 82' lang='lat' dir='ltr'><strong>ram</strong></span> <span class='ocrx_word' id='word_1_87' title='bbox 328 1167 368 1196; x_wconf 90' lang='lat' dir='ltr'><strong>et</strong></span> <span class='ocrx_word' id='word_1_88' title='bbox 395 1157 588 1196; x_wconf 86' lang='lat' dir='ltr'><strong>maiorem</strong></span> <span class='ocrx_word' id='word_1_89' title='bbox 628 1155 923 1209; x_wconf 79' lang='lat' dir='ltr'><strong>perfectionem</strong></span> <span class='ocrx_word' id='word_1_90' title='bbox 964 1155 1101 1196; x_wconf 85' lang='lat' dir='ltr'><strong>senssm</strong></span> <span class='ocrx_word' id='word_1_91' title='bbox 1135 1151 1340 1207; x_wconf 87' lang='lat' dir='ltr'><strong>pervenis-</strong></span> 
     </span>
     <span class='ocr_line' id='line_1_15' title="bbox 223 1220 1338 1277; baseline -0.005 -11"><span class='ocrx_word' id='word_1_92' title='bbox 223 1225 292 1273; x_wconf 82' lang='lat' dir='ltr'><strong>se,</strong></span> <span class='ocrx_word' id='word_1_93' title='bbox 325 1226 379 1265; x_wconf 88' lang='lat' dir='ltr'><strong>ita</strong></span> <span class='ocrx_word' id='word_1_94' title='bbox 405 1237 450 1266; x_wconf 90' lang='lat' dir='ltr'><strong>ut</strong></span> <span class='ocrx_word' id='word_1_95' title='bbox 479 1224 639 1265; x_wconf 86' lang='lat' dir='ltr'><strong>demum</strong></span> <span class='ocrx_word' id='word_1_96' title='bbox 665 1225 753 1277; x_wconf 87' lang='lat' dir='ltr'><strong>ipse</strong></span> <span class='ocrx_word' id='word_1_97' title='bbox 785 1226 912 1266; x_wconf 89' lang='lat' dir='ltr'><strong>homo</strong></span> <span class='ocrx_word' id='word_1_98' title='bbox 942 1224 1149 1265; x_wconf 82' lang='lat' dir='ltr'><strong>exstiterit.</strong></span> <span class='ocrx_word' id='word_1_99' title='bbox 1223 1220 1338 1262; x_wconf 84' lang='lat' dir='ltr'><strong>Haec</strong></span> 
     </span>
     <span class='ocr_line' id='line_1_16' title="bbox 224 1291 1340 1349; baseline -0.004 -12"><span class='ocrx_word' id='word_1_100' title='bbox 224 1309 366 1337; x_wconf 85' lang='lat' dir='ltr'><strong>eorum</strong></span> <span class='ocrx_word' id='word_1_101' title='bbox 407 1307 468 1335; x_wconf 88' lang='lat' dir='ltr'><strong>est</strong></span> <span class='ocrx_word' id='word_1_102' title='bbox 511 1295 560 1335; x_wconf 89' lang='lat' dir='ltr'><strong>de</strong></span> <span class='ocrx_word' id='word_1_103' title='bbox 601 1295 759 1349; x_wconf 86' lang='lat' dir='ltr'><strong>origine</strong></span> <span class='ocrx_word' id='word_1_104' title='bbox 801 1306 962 1334; x_wconf 86' lang='lat' dir='ltr'><strong>naturae</strong></span> <span class='ocrx_word' id='word_1_105' title='bbox 1004 1295 1218 1348; x_wconf 80' lang='lat' dir='ltr'><strong>organicae</strong></span> <span class='ocrx_word' id='word_1_106' title='bbox 1253 1291 1340 1332; x_wconf 87' lang='lat' dir='ltr'><strong>sen-</strong></span> 
     </span>
     <span class='ocr_line' id='line_1_17' title="bbox 225 1361 1340 1418; baseline -0.004 -12"><span class='ocrx_word' id='word_1_107' title='bbox 225 1368 377 1414; x_wconf 75' lang='lat' dir='ltr'><strong>tentia,</strong></span> <span class='ocrx_word' id='word_1_108' title='bbox 428 1362 508 1418; x_wconf 77' lang='lat'><strong>(1)</strong></span> <span class='ocrx_word' id='word_1_109' title='bbox 550 1377 652 1417; x_wconf 87' lang='lat' dir='ltr'><strong>quae</strong></span> <span class='ocrx_word' id='word_1_110' title='bbox 704 1363 856 1417; x_wconf 87' lang='lat' dir='ltr'><strong>quibus</strong></span> <span class='ocrx_word' id='word_1_111' title='bbox 907 1365 1057 1405; x_wconf 87' lang='lat' dir='ltr'><strong>nitatur</strong></span> <span class='ocrx_word' id='word_1_112' title='bbox 1107 1361 1340 1418; x_wconf 83' lang='lat' dir='ltr'><strong>praefidiis,</strong></span> 
     </span>
     <span class='ocr_line' id='line_1_18' title="bbox 226 1434 713 1488; baseline -0.004 -11"><span class='ocrx_word' id='word_1_113' title='bbox 226 1448 290 1477; x_wconf 85' lang='lat' dir='ltr'><strong>me</strong></span> <span class='ocrx_word' id='word_1_114' title='bbox 319 1434 472 1474; x_wconf 87' lang='lat' dir='ltr'><strong>nescire</strong></span> <span class='ocrx_word' id='word_1_115' title='bbox 502 1434 713 1488; x_wconf 87' lang='lat' dir='ltr'><strong>profiteor.</strong></span> 
     </span>
    </p>

    <p class='ocr_par' dir='ltr' id='par_1_3' title="bbox 227 1502 1396 1981">
     <span class='ocr_line' id='line_1_19' title="bbox 283 1502 1341 1557; baseline -0.005 -11"><span class='ocrx_word' id='word_1_116' title='bbox 283 1505 464 1546; x_wconf 88' lang='lat' dir='ltr'><strong>Fuerunt</strong></span> <span class='ocrx_word' id='word_1_117' title='bbox 493 1517 696 1557; x_wconf 82' lang='lat' dir='ltr'><strong>praeterea</strong></span> <span class='ocrx_word' id='word_1_118' title='bbox 721 1516 761 1544; x_wconf 88' lang='lat' dir='ltr'><strong>ct</strong></span> <span class='ocrx_word' id='word_1_119' title='bbox 786 1504 854 1545; x_wconf 83' lang='lat' dir='ltr'><strong>alii</strong></span> <span class='ocrx_word' id='word_1_120' title='bbox 883 1502 1156 1557; x_wconf 81' lang='lat' dir='ltr'><strong>philosophi,</strong></span> <span class='ocrx_word' id='word_1_121' title='bbox 1188 1502 1341 1555; x_wconf 85' lang='lat' dir='ltr'><strong>quica-</strong></span> 
     </span>
     <span class='ocr_line' id='line_1_20' title="bbox 227 1571 1341 1626; baseline -0.006 -10"><span class='ocrx_word' id='word_1_122' title='bbox 227 1571 332 1616; x_wconf 81' lang='lat' dir='ltr'><strong>sum·</strong></span> <span class='ocrx_word' id='word_1_123' title='bbox 350 1587 432 1615; x_wconf 89' lang='lat' dir='ltr'><strong>non</strong></span> <span class='ocrx_word' id='word_1_124' title='bbox 470 1575 752 1624; x_wconf 83' lang='lat' dir='ltr'><strong>vindicarunt,</strong></span> <span class='ocrx_word' id='word_1_125' title='bbox 799 1586 940 1615; x_wconf 85' lang='lat' dir='ltr'><strong>contra</strong></span> <span class='ocrx_word' id='word_1_126' title='bbox 976 1586 1075 1614; x_wconf 88' lang='lat' dir='ltr'><strong>vero</strong></span> <span class='ocrx_word' id='word_1_127' title='bbox 1118 1572 1229 1626; x_wconf 86' lang='lat' dir='ltr'><strong>leges</strong></span> <span class='ocrx_word' id='word_1_128' title='bbox 1273 1583 1341 1610; x_wconf 88' lang='lat' dir='ltr'><strong>na-</strong></span> 
     </span>
     <span class='ocr_line' id='line_1_21' title="bbox 229 1639 1342 1696; baseline -0.007 -10"><span class='ocrx_word' id='word_1_129' title='bbox 229 1657 338 1687; x_wconf 84' lang='lat' dir='ltr'><strong>turae</strong></span> <span class='ocrx_word' id='word_1_130' title='bbox 360 1645 458 1691; x_wconf 80' lang='lat' dir='ltr'><strong>fixas</strong></span> <span class='ocrx_word' id='word_1_131' title='bbox 488 1643 780 1691; x_wconf 80' lang='lat' dir='ltr'><strong>assumserunt,</strong></span> <span class='ocrx_word' id='word_1_132' title='bbox 823 1656 925 1696; x_wconf 87' lang='lat' dir='ltr'><strong>quae</strong></span> <span class='ocrx_word' id='word_1_133' title='bbox 968 1641 1215 1683; x_wconf 87' lang='lat' dir='ltr'><strong>conditionis</strong></span> <span class='ocrx_word' id='word_1_134' title='bbox 1251 1639 1342 1679; x_wconf 82' lang='lat' dir='ltr'><strong>suae</strong></span> 
     </span>
     <span class='ocr_line' id='line_1_22' title="bbox 227 1707 1343 1770; baseline -0.006 -14"><span class='ocrx_word' id='word_1_135' title='bbox 227 1717 474 1770; x_wconf 84' lang='lat' dir='ltr'><strong>principium</strong></span> <span class='ocrx_word' id='word_1_136' title='bbox 504 1713 769 1755; x_wconf 81' lang='lat' dir='ltr'><strong>necessarium</strong></span> <span class='ocrx_word' id='word_1_137' title='bbox 810 1714 849 1753; x_wconf 88' lang='lat' dir='ltr'><strong>in</strong></span> <span class='ocrx_word' id='word_1_138' title='bbox 891 1711 929 1751; x_wconf 89' lang='lat' dir='ltr'><strong>se</strong></span> <span class='ocrx_word' id='word_1_139' title='bbox 960 1712 1207 1752; x_wconf 81' lang='lat' dir='ltr'><strong>contineant.</strong></span> <span class='ocrx_word' id='word_1_140' title='bbox 1281 1707 1343 1750; x_wconf 84' lang='lat' dir='ltr'><strong>Ita</strong></span> 
     </span>
     <span class='ocr_line' id='line_1_23' title="bbox 228 1777 1396 1840; baseline -0.007 -13"><span class='ocrx_word' id='word_1_141' title='bbox 228 1786 306 1840; x_wconf 89' lang='lat' dir='ltr'><strong>(ne</strong></span> <span class='ocrx_word' id='word_1_142' title='bbox 331 1786 380 1826; x_wconf 89' lang='lat' dir='ltr'><strong>de</strong></span> <span class='ocrx_word' id='word_1_143' title='bbox 424 1782 626 1825; x_wconf 87' lang='lat' dir='ltr'><strong>Ocelli</strong></span> <span class='ocrx_word' id='word_1_144' title='bbox 672 1784 847 1823; x_wconf 86' lang='lat' dir='ltr'><strong>carmine</strong></span> <span class='ocrx_word' id='word_1_145' title='bbox 878 1781 1013 1836; x_wconf 87' lang='lat' dir='ltr'><strong>spurio</strong></span> <span class='ocrx_word' id='word_1_146' title='bbox 1039 1779 1227 1832; x_wconf 73' lang='lat' dir='ltr'><strong>dicam),</strong></span> <span class='ocrx_word' id='word_1_147' title='bbox 1261 1777 1341 1832; x_wconf 80' lang='lat'><strong>(2)</strong></span> <span class='ocrx_word' id='word_1_148' title='bbox 1394 1782 1396 1786; x_wconf 88' lang='lat'>&#39;</span> 
     </span>
     <span class='ocr_line' id='line_1_24' title="bbox 229 1848 1342 1904; baseline -0.006 -7"><span class='ocrx_word' id='word_1_149' title='bbox 229 1848 423 1897; x_wconf 86' lang='lat' dir='ltr'><strong>Strato</strong></span> <span class='ocrx_word' id='word_1_150' title='bbox 454 1855 640 1896; x_wconf 84' lang='lat' dir='ltr'><strong>materiae</strong></span> <span class='ocrx_word' id='word_1_151' title='bbox 671 1865 711 1893; x_wconf 88' lang='lat' dir='ltr'><strong>et</strong></span> <span class='ocrx_word' id='word_1_152' title='bbox 737 1853 896 1894; x_wconf 87' lang='lat' dir='ltr'><strong>cunctis</strong></span> <span class='ocrx_word' id='word_1_153' title='bbox 923 1853 1008 1892; x_wconf 91' lang='lat' dir='ltr'><strong>eius</strong></span> <span class='ocrx_word' id='word_1_154' title='bbox 1036 1850 1218 1904; x_wconf 81' lang='lat' dir='ltr'><strong>partibus</strong></span> <span class='ocrx_word' id='word_1_155' title='bbox 1258 1850 1342 1890; x_wconf 88' lang='lat' dir='ltr'><strong>vim</strong></span> 
     </span>
     <span class='ocr_line' id='line_1_25' title="bbox 227 1919 1341 1981; baseline -0.007 -14"><span class='ocrx_word' id='word_1_156' title='bbox 227 1926 355 1968; x_wconf 85' lang='lat' dir='ltr'><strong>inesse</strong></span> <span class='ocrx_word' id='word_1_157' title='bbox 382 1926 620 1981; x_wconf 83' lang='lat' dir='ltr'><strong>genitricem</strong></span> <span class='ocrx_word' id='word_1_158' title='bbox 635 1923 847 1964; x_wconf 85' lang='lat' dir='ltr'><strong>arbitratus</strong></span> <span class='ocrx_word' id='word_1_159' title='bbox 874 1922 979 1973; x_wconf 76' lang='lat' dir='ltr'><strong>fuit,</strong></span> <span class='ocrx_word' id='word_1_160' title='bbox 1011 1933 1075 1972; x_wconf 88' lang='lat' dir='ltr'><strong>et,</strong></span> <span class='ocrx_word' id='word_1_161' title='bbox 1106 1932 1150 1962; x_wconf 90' lang='lat' dir='ltr'><strong>ut</strong></span> <span class='ocrx_word' id='word_1_162' title='bbox 1177 1919 1283 1961; x_wconf 89' lang='lat' dir='ltr'><strong>Cic</strong></span> <span class='ocrx_word' id='word_1_163' title='bbox 1300 1931 1341 1958; x_wconf 88' lang='lat' dir='ltr'><strong>e-</strong></span> 
     </span>
    </p>

    <p class='ocr_par' dir='ltr' id='par_1_4' title="bbox 1280 2000 1341 2029">
     <span class='ocr_line' id='line_1_26' title="bbox 1280 2000 1341 2029; baseline -0.016 0"><span class='ocrx_word' id='word_1_164' title='bbox 1280 2000 1341 2029; x_wconf 92' lang='lat' dir='ltr'><strong>ro</strong></span> 
     </span>
    </p>
   </div>
   <div class='ocr_carea' id='block_1_3' title="bbox 224 2091 1352 2255">
    <p class='ocr_par' dir='ltr' id='par_1_5' title="bbox 224 2091 1352 2255">
     <span class='ocr_line' id='line_1_27' title="bbox 271 2091 1173 2143; baseline -0.007 -12"><span class='ocrx_word' id='word_1_165' title='bbox 271 2095 393 2143; x_wconf 31' lang='lat' dir='ltr'>(1)*R</span> <span class='ocrx_word' id='word_1_166' title='bbox 411 2098 453 2130; x_wconf 61' lang='grc' dir='ltr'><strong>εἰ</strong></span> <span class='ocrx_word' id='word_1_167' title='bbox 468 2107 500 2130; x_wconf 87' lang='lat' dir='ltr'><strong>m</strong></span> <span class='ocrx_word' id='word_1_168' title='bbox 514 2106 531 2129; x_wconf 88' lang='lat' dir='ltr'><strong>a</strong></span> <span class='ocrx_word' id='word_1_169' title='bbox 547 2105 597 2129; x_wconf 88' lang='lat' dir='ltr'><strong>ru</strong></span> <span class='ocrx_word' id='word_1_170' title='bbox 613 2105 627 2129; x_wconf 90' lang='lat' dir='ltr'><strong>s</strong></span> <span class='ocrx_word' id='word_1_171' title='bbox 643 2120 653 2137; x_wconf 84' lang='lat'><strong>‚</strong></span> <span class='ocrx_word' id='word_1_172' title='bbox 677 2097 702 2129; x_wconf 61' lang='lat' dir='ltr'><strong>t:</strong></span> <span class='ocrx_word' id='word_1_173' title='bbox 720 2105 750 2129; x_wconf 88' lang='lat' dir='ltr'><strong>a.</strong></span> <span class='ocrx_word' id='word_1_174' title='bbox 777 2104 813 2138; x_wconf 88' lang='lat' dir='ltr'><strong>p.</strong></span> <span class='ocrx_word' id='word_1_175' title='bbox 837 2091 898 2129; x_wconf 76' lang='lat' dir='ltr'><strong>Il‘le</strong></span> <span class='ocrx_word' id='word_1_176' title='bbox 925 2093 1029 2128; x_wconf 80' lang='lat' dir='ltr'><strong>Verh.</strong></span> <span class='ocrx_word' id='word_1_177' title='bbox 1050 2092 1092 2125; x_wconf 88' lang='lat' dir='ltr'><strong>bl.</strong></span> <span class='ocrx_word' id='word_1_178' title='bbox 1118 2092 1173 2136; x_wconf 87' lang='lat'><strong>76.</strong></span> 
     </span>
     <span class='ocr_line' id='line_1_28' title="bbox 267 2147 1352 2197; baseline -0.005 -11"><span class='ocrx_word' id='word_1_179' title='bbox 267 2151 331 2197; x_wconf 79' lang='lat'><strong>(2)</strong></span> <span class='ocrx_word' id='word_1_180' title='bbox 355 2153 455 2188; x_wconf 87' lang='lat' dir='ltr'><strong>Conf.</strong></span> <span class='ocrx_word' id='word_1_181' title='bbox 479 2156 520 2188; x_wconf 84' lang='lat' dir='ltr'><strong>C.</strong></span> <span class='ocrx_word' id='word_1_182' title='bbox 544 2154 585 2188; x_wconf 92' lang='lat' dir='ltr'>M</span> <span class='ocrx_word' id='word_1_183' title='bbox 602 2163 620 2188; x_wconf 89' lang='lat' dir='ltr'><strong>e</strong></span> <span class='ocrx_word' id='word_1_184' title='bbox 637 2153 682 2187; x_wconf 90' lang='lat' dir='ltr'><strong>in</strong></span> <span class='ocrx_word' id='word_1_185' title='bbox 699 2162 716 2187; x_wconf 91' lang='lat' dir='ltr'><strong>e</strong></span> <span class='ocrx_word' id='word_1_186' title='bbox 733 2162 806 2195; x_wconf 87' lang='lat' dir='ltr'><strong>rs,</strong></span> <span class='ocrx_word' id='word_1_187' title='bbox 843 2149 928 2195; x_wconf 62' lang='lat' dir='ltr'><strong>Hzst.</strong></span> <span class='ocrx_word' id='word_1_188' title='bbox 954 2151 1055 2185; x_wconf 81' lang='lat' dir='ltr'><strong>doctr.</strong></span> <span class='ocrx_word' id='word_1_189' title='bbox 1089 2150 1127 2183; x_wconf 84' lang='lat' dir='ltr'><strong>de</strong></span> <span class='ocrx_word' id='word_1_190' title='bbox 1152 2154 1226 2181; x_wconf 70' lang='lat' dir='ltr'><strong>vero</strong></span> <span class='ocrx_word' id='word_1_191' title='bbox 1249 2147 1352 2187; x_wconf 62' lang='lat' dir='ltr'><strong>Deo,</strong></span> 
     </span>
     <span class='ocr_line' id='line_1_29' title="bbox 224 2219 700 2255; baseline -0.008 0"><span class='ocrx_word' id='word_1_192' title='bbox 224 2221 260 2255; x_wconf 84' lang='lat' dir='ltr'><strong>P·</strong></span> <span class='ocrx_word' id='word_1_193' title='bbox 283 2219 358 2254; x_wconf 83' lang='lat'><strong>315·</strong></span> <span class='ocrx_word' id='word_1_194' title='bbox 696 2226 700 2233; x_wconf 84' lang='lat'><strong><em>¹</em></strong></span> 
     </span>
    </p>
   </div>
  </div>
 </body>
</html>
