1519 2729
567 179 791 238 (17)

101 321 205 375 fuitg
252 331 393 373 postea
424 318 684 360 cadaveribus
714 320 762 361 ad
791 319 900 361 illius
932 320 1228 372 inquisitionem

102 392 151 431 de
179 390 369 439 industria
412 389 559 441 sectis,
603 391 826 443 saepissime
856 390 933 430 fuit
966 390 1230 441 observatusz,

104 472 268 501 testatur
296 460 337 500 R
357 460 677 512 udolphius
705 459 812 513 (Ι),
858 461 897 500 se
927 459 1041 501 illum
1074 461 1112 500 in
1145 475 1232 502 om-

102 531 221 571 nibus
243 530 328 581 fere
359 530 618 572 cadaveribus
648 530 881 570 examinatis
911 531 1135 580 invenisse,
1176 532 1233 572 se-

102 600 183 640 mel
213 599 316 641 ultra
350 600 459 641 inille
488 600 708 654 specimina
751 601 791 640 in
819 600 990 640 feminae
1034 603 1234 642 intestinis

102 659 243 715 crassis
268 671 425 713 vidisse.
487 671 663 718 Miratus
692 671 815 723 igitur
842 669 926 710 sum
952 669 1108 712 nullum
1143 678 1238 712 nos-

104 749 187 780 trae
217 742 348 795 gentis
377 740 616 794 scriptorem
646 753 737 780 eum
765 742 1030 790 memorasse,
1050 741 1237 790 ‚milium-

105 807 276 863 que'me
307 823 483 850 vermem
515 811 759 862 descriptum
787 811 1013 860 invenisse,
1046 813 1115 864 qui
1134 825 1238 864 qno-

105 879 322 921 dammodo
353 893 445 921 cum
474 881 549 921 illo
578 881 715 935 posset
743 871 993 934 comparari,
1039 883 1116 922 five
1157 882 1236 922 hoc

103 951 285 989 evenerit
313 962 363 990 ex
391 963 471 998 eo,
511 951 624 1003 quod
664 950 778 991 illuni
822 951 1056 1003 Ascuridem
1089 950 1240 993 habue-

104 1019 214 1068 rint,
245 1020 322 1060 five
351 1019 462 1072 quod
494 1022 533 1060 in
560 1019 706 1073 Belgio
729 1033 810 1059 non
842 1021 1000 1060 existat.

162 1089 347 1129 Anforte
375 1090 455 1129 huc
483 1091 732 1142 pertinerent
758 1102 913 1130 vermes
940 1103 961 1130 a
992 1088 1025 1129 F
1044 1101 1138 1130 ore
1155 1101 1243 1130 sto

107 1159 306 1200 observati
322 1156 402 1211 (2)
421 1173 430 1198 :
462 1187 490 1211 ‚,
511 1159 640 1200 infans
657 1161 827 1201 duorum
844 1161 929 1201 fere
943 1173 1138 1201 annorum
1156 1173 1243 1200 vcr-

106 1229 280 1270 miculos
307 1230 466 1282 aliquos
496 1231 677 1270 excrevit
706 1230 962 1284 longitudine
992 1230 1114 1270 medii
1150 1230 1242 1270 ‘fere

107 1299 225 1353 digiti
253 1311 326 1339 nec
356 1298 590 1353 longiores,
621 1299 888 1350 latiusculos,
926 1300 1051 1353 paulo
1079 1301 1243 1352 depres-

106 1370 257 1416 fiooes,
317 1369 440 1409 modo
482 1370 627 1420 vivos,
686 1370 810 1410 modo
854 1382 1054 1411 mortuos.
1129 1369 1243 1410 Dato

107 1450 234 1477 cornu
277 1440 385 1478 cervi
428 1450 546 1487 usto,
584 1439 676 1491 plus
715 1453 835 1492 quam
881 1451 1042 1485 centum
1087 1452 1243 1480 vermes

107 1508 269 1562 dejecit.
359 1508 506 1549 Utrum
549 1507 679 1549 essent
722 1509 933 1563 vermiculi
989 1511 1055 1550 isti
1099 1521 1243 1550 teretes

107 1577 278 1618 multum
305 1577 538 1618 dubitabam
583 1590 631 1617 an
659 1577 758 1627 lati,
799 1581 868 1633 qui
905 1591 1036 1620 tamen
1081 1579 1245 1633 longio-

107 1659 170 1688 res
211 1646 294 1686 esse
337 1646 480 1687 solent.
556 1646 810 1689 Videbantur
852 1649 991 1690 referri
1034 1649 1152 1702 posse
1194 1648 1245 1690 ad

108 1717 335 1766 rotundos,
381 1717 480 1757 licet
520 1730 659 1770 parum
696 1718 867 1771 depressi
906 1731 982 1759 nec
1022 1719 1136 1773 longi
1178 1703 1264 1759 f0-'

109 1799 226 1837 rent‚·
257 1799 389 1840 neque
416 1797 528 1841 erant
558 1787 834 1837 eueni-bitini,
867 1800 971 1841 quos
1001 1787 1245 1841 aliquispar-

117 1869 175 1897 tes
202 1856 375 1899 latorum
403 1856 486 1898 esse
517 1856 701 1899 dicunt.''

1117 1915 1140 1968 §
1173 1912 1268 1957 w..

158 2040 604 2087 <13Rudolp11.1.1.
632 2054 664 2086 p.
692 2053 747 2085 90.

160 2097 224 2142 (2)
250 2100 273 2132 F
290 2110 309 2132 ο
327 2110 341 2132 r
359 2110 374 2132 e
392 2111 405 2131 s
423 2109 433 2132 t
450 2111 469 2133 n
486 2111 499 2133 s
516 2125 525 2140 ,
551 2099 718 2142 Observat.
746 2106 776 2133 et
792 2100 905 2133 Curat.
919 2098 1068 2132 Medicin.
1078 2096 1134 2140 fi’u
1157 2097 1245 2149 Med·

115 2154 220 2189 Theor.
262 2163 292 2190 et
329 2159 466 2194 lemn,
505 2155 579 2189 Lib.
608 2156 663 2208 28.
693 2156 734 2190 C.
763 2165 816 2190 21.
845 2155 984 2189 O'ux'erxu
1014 2164 1067 2196 35.
1096 2154 1242 2188 francof

119 2211 213 2246 1602.

671 2269 702 2312 B
