1519 2729
656 129 911 189 (200)

217 271 495 319 demeritum,
527 269 665 325 (quod
695 270 972 320 KantiuS‚
1015 269 1136 311 Einl.
1164 281 1203 311 z.
1234 265 1272 308 T
1269 279 1338 323 ug.

216 355 261 396 p.
291 355 356 389 21.
386 340 564 395 explicat
603 354 743 394 per-
773 339 828 394 a)
870 341 936 383 sed
965 339 1147 381 defectus
1174 338 1340 380 moralis

216 412 279 466 (K
295 424 353 452 ‘tn
371 414 454 454 tio
484 425 541 432 ···“
484 409 621 464 ..0)
651 412 737 467 ejus
763 423 896 476 autem
925 411 1152 453 observatio
1166 408 1239 464 (†
1258 406 1338 461 a),

217 483 416 527 meritum
444 479 539 537 (1)

515 759 649 803 Ratio
678 756 1043 799 denominationis.

274 897 335 941 Ita
376 896 540 952 quidem
580 898 683 939 ratio
719 907 935 949 utrumque
967 896 1189 938 officiorum
1216 905 1342 950 genus

213 968 344 1023 jubet.
404 967 517 1010 Haec
546 968 684 1011 dixere
710 968 956 1014 recentiores
979 964 1260 1020 imperfecta,
1292 964 1341 1005 il-

217 1037 257 1079 la
307 1049 439 1079 autem
468 1049 472 1054 ·
485 1037 700 1093 perfecta.
788 1036 1019 1078 Perfectum
1068 1037 1175 1076 enim
1226 1035 1342 1077 vario

218 1107 330 1150 sensu
357 1109 491 1161 accipi
521 1119 671 1162 potest.
746 1106 848 1161 Ejus
877 1107 969 1148 usus
989 1117 1058 1148 est
1086 1105 1151 1146 vel
1180 1105 1342 1146 theore-

218 1181 350 1226 ticus,
381 1178 952 1230 vel,technic,o-practicus;
997 1189 1086 1216 nam
1116 1175 1181 1215 vel
1214 1177 1253 1216 in
1284 1175 1341 1217 rei

215 1248 387 1302 alicujus
427 1249 639 1293 notionem
679 1248 924 1301 investigaS‚
972 1246 1209 1301 cogniturus
1242 1257 1342 1298 qua·

216 1318 295 1359 lem
333 1318 420 1373 ejus
455 1319 591 1364 animo
627 1317 845 1359 informare
872 1316 1017 1358 debeas
1047 1313 1155 1370 (ει),
1199 1314 1265 1356 vel
1293 1315 1344 1357 de

214 1389 438 1442 aptitudine
474 1388 562 1443 ejus
601 1388 714 1429 vides
755 1387 805 1427 ad
846 1386 966 1427 finem
1006 1387 1259 1440 propofitum
1283 1395 1342 1426 at-

214 1458 465 1513 tingendum.
525 1458 586 1499 Ita
611 1458 838 1512 perfectum
867 1456 1015 1496 dixeris
1042 1456 1342 1501 meritoorato-

213 1541 327 1575 rem,
373 1528 556 1580 quisquis
597 1539 669 1579 par
704 1538 766 1567 est
807 1526 889 1567 illis
916 1525 1200 1580 assequendis,
1221 1512 1345 1577 *quae

212 1598 443 1652 attingenda
470 1598 542 1638 fibi
572 1608 804 1649 proponere
832 1606 969 1649 potest
1000 1606 1151 1636 orator.

271 1668 396 1709 Sensu
424 1667 675 1714 theoretico,
696 1664 762 1706 vel
791 1665 978 1718 quaeris,
1009 1677 1106 1704 num
1137 1654 1277 1704 omnia¹
1302 1664 1344 1704 in

189 1748 286 1789 “i-e,
317 1751 437 1792 quam
464 1737 719 1785 confideras,
758 1736 830 1777 fibi
871 1734 1170 1788 respondeant,
1215 1744 1255 1774 et
1281 1732 1344 1773 lo-

215 1812 308 1866 gice
336 1809 563 1864 peri'ectum
593 1806 695 1852 illud
717 1807 955 1857 vocaveris;
1000 1806 1065 1848 vel
1106 1806 1275 1860 inquiris
1302 1805 1343 1845 in

216 1882 305 1936 ejus
359 1878 586 1922 absolutam
629 1877 903 1918 necessitatem
961 1887 1002 1918 et
1051 1877 1344 1930 metaphyficae

219 1951 486 2006 perfectionis
516 1948 618 1990 illud
646 1946 729 1988 esse
756 1947 961 2002 particeps
988 1948 1063 1989 tibi
1088 1947 1260 1990 videtur.

408 2018 420 2042 Χ
1257 2015 1346 2072 Jam

269 2105 333 2152 (ι)
358 2109 505 2149 Kant‚
529 2109 552 2142 l.
576 2109 598 2142 1.
621 2119 655 2151 p.
678 2118 732 2143 21.

271 2163 335 2208 (2)
359 2166 602 2207 Mehmcl,
626 2167 648 2200 l.
672 2167 694 2200 l.
717 2175 751 2208 p.
771 2174 828 2210 77.
