1519 2729
627 214 653 271 <
711 229 764 269 44
822 214 846 269 )

189 368 386 408 meteres,
431 367 534 410 quos
574 355 737 401 vocavit
755 349 1028 408 secundarios
1064 346 1309 405 subunifbr-

186 442 300 477 mes,
345 429 414 481 qui
455 426 580 480 magis
611 425 790 463 minusve
833 422 1056 463 constanter
1099 421 1138 459 in
1167 418 1308 459 eadem

187 497 337 539 familia
379 497 659 549 reperiuntur,
718 493 778 533 uti
833 492 914 532 hoc
965 490 1222 532 observamus
1252 490 1309 527 'in
1370 526 1382 529 χ

183 570 500 620 perispermate,
559 566 600 604 in
648 561 804 605 corolla
856 572 896 601 et
932 562 973 601 in
1011 561 1165 601 ratione
1207 556 1307 599 cali-

184 638 245 678 cis
284 637 333 678 ad
383 635 595 689 pistillum.

240 705 306 746 Ad
336 705 513 745 tertiam
557 702 727 753 denique
770 695 910 739 seriem
948 697 1174 739 referuntur
1215 696 1310 737 cha-

181 788 383 822 racteres,
416 774 485 826 qui
511 769 809 812 characteribus
838 766 1000 809 secundi
1024 766 1176 808 ordinis
1189 778 1303 821 post-

182 845 360 899 ponendi
389 843 506 890 sunt,
537 852 578 881 et
606 853 714 881 nunc
741 839 963 881 constantes
987 849 1169 884 manent,
1201 847 1309 876 nunc

181 916 342 968 penitus
400 913 564 953 variant.
653 899 863 951 Voc'antur
929 909 1129 949 tertiaria·
1183 904 1311 962 femi-

182 982 436 1038 uniformw,
494 992 534 1020 et
584 990 775 1032 petuntur
820 980 1038 1032 praecipue
1081 990 1102 1017 e
1143 976 1312 1017 numero

181 1053 418 1102 staminum,
451 1050 676 1091 ovariorum
693 1079 705 1098 ‚
729 1049 966 1090 -aliarumve
994 1049 1182 1101 partium,
1244 1044 1311 1085 Ex

183 1123 259 1164 hac
289 1122 539 1174 expositione
565 1118 790 1168 elucescit,
835 1131 983 1173 organa
1007 1129 1142 1157 revera
1170 1127 1311 1169 repro-

181 1193 374 1240 ductim,
419 1188 551 1243 qualia
594 1188 680 1228 sunt
714 1188 907 1229 seminum
945 1199 1105 1240 partes,
1150 1187 1191 1225 in
1228 1197 1312 1224 me-

184 1262 312 1302 thodo
361 1258 618 1314 Jussievi
669 1258 832 1312 majoris
891 1257 1028 1298 haberi
1084 1254 1308 1300 momenti5

182 1344 301 1385 quam
328 1341 460 1382 partes
485 1328 535 1368 ad
569 1327 783 1381 tegendum
825 1325 1106 1368 tantummodo
1145 1323 1312 1364 inservi-

121 1429 126 1435 ·
181 1413 322 1449 entes,
368 1398 506 1452 quales
548 1398 635 1438 sunt
672 1396 811 1448 calyx,
859 1395 1045 1445 corolla,
1104 1394 1306 1447 perisper-

182 1475 291 1513 mum
309 1501 323 1519 .,
353 1469 444 1510 alia.

240 1539 463 1588 methodi,
521 1549 621 1591 quae
674 1536 872 1590 ejusmodi
915 1536 1135 1575 innituntur
1171 1524 1312 1572 funda'-

183 1612 356 1660 mentis,
415 1611 456 1649 in
490 1608 636 1661 quibus
676 1619 753 1647 una
791 1605 932 1646 divisio
975 1604 1089 1645 alteri
1130 1600 1313 1644 subordi-

184 1693 328 1728 natur,
384 1691 466 1718 non
508 1676 610 1717 male
648 1689 670 1716 a
709 1676 1004 1717 recentioribus
1048 1670 1311 1727 clasfificati-

185 1764 257 1791 0715
284 1750 333 1790 de
353 1746 679 1803 subordination
718 1746 786 1787 des
825 1745 1098 1788 characteres
1142 1751 1310 1784 vocatae

192 1819 281 1861 sunt
313 1817 407 1875 (Ι).

231 1945 295 1991 (1)
319 1944 495 1981 confide
534 1944 812 1984 Candolle,
845 1944 904 1979 1.1-
934 1919 1116 1986 §41V.pag.
1137 1939 1200 1982 64,
1225 1938 1312 1981 §44

193 2012 263 2047 pag.
297 2005 341 2047 69
369 2012 402 2036 et
430 2013 487 2046 70.
784 2011 786 2013 ¹

1085 2293 1311 2348 §xxxv.
