1519 2729
601 127 829 186 (71)

162 272 254 316 dum
281 270 445 313 adducit
487 270 767 325 cognitionem
793 268 929 318 suam,
958 267 1102 310 artium
1130 279 1171 309 et
1201 269 1274 311 do·

160 344 377 385 ctrinarum
430 340 636 382 scientiam
680 349 828 395 auget,
871 350 1037 380 omnem
1082 338 1275 380 mundum

159 410 483 464 contemplatur,
515 423 556 452 et
585 409 740 452 vultum
766 411 816 451 ad
838 409 960 451 fidera
974 407 1122 450 tollens
1141 408 1192 450 ad
1206 420 1279 450 eo·

157 494 245 524 rum
272 482 394 522 etiam
417 482 694 534 cognitionem
722 481 929 535 pervenit,
975 491 1077 533 quae
1107 479 1232 534 longe
1255 491 1279 519 a

157 552 277 593 nobis
312 550 400 592 sunt
436 562 616 600 remotaz,
664 550 980 604 hisce¹denique
1006 550 1209 604 principia
1237 559 1279 590 et

156 621 291 663 causas
335 633 467 662 rerum
515 621 625 662 videt
667 633 884 675 earumque
911 619 1196 675 progressus,
1235 629 1278 660 et

155 692 264 745 quasi
303 692 596 732 antecessiones
634 703 716 732 non
749 692 938 746 ignorat,
989 688 1273 731 similitudines

155 770 388 814 comparat3
420 761 624 816 rebusque
645 758 945 816 praesentibus
974 759 1177 815 adiungit
1211 769 1281 801 at-

154 843 234 886 que
263 832 454 873 annectit
475 830 684 885 futuras;
720 829 860 886 facile
884 829 1011 871 totius
1038 830 1156 872 vitae
1183 842 1281 871 cur·

145 897 242 955 sum
270 900 412 948 videt,
458 900 520 941 ad
556 913 730 955 eamque
772 899 1003 955 degendam
1023 907 1278 954 praeparat

153 984 222 1011 res
251 966 564 1024 necessarias.(
573 968 621 1022 1)
681 969 762 1011 Sed
791 981 831 1010 et
850 967 908 1012 ⁴‚ad
932 969 1276 1023 animifftranquil-

156 1040 310 1081 litatem
365 1051 406 1080 et
459 1039 706 1094 probitatem
761 1038 887 1083 valde·
933 1038 1131 1080 conducit
1171 1039 1275 1082 haec

157 1111 278 1151 animi
308 1109 508 1151 conditio.

144 1231 149 1237 ,
208 1179 315 1222 Nam
336 1180 447 1234 leges
474 1180 678 1233 practicae
704 1181 860 1222 nonnisi
889 1182 1048 1222 ratione
1085 1178 1280 1220 theoreti-

151 1251 200 1292 εὲι
220 1251 271 1291 ad
299 1251 627 1304 perspicuitatem
652 1250 747 1292 duci
779 1250 973 1305 possunt:
1005 1250 1118 1304 leges
1154 1250 1282 1290 nimi·

102 1355 107 1362 s
151 1333 239 1362 rum
256 1320 348 1362 illae
367 1321 488 1362 nobis
517 1321 647 1362 officia
669 1322 914 1374 imponunt,
945 1332 1048 1375 quae
1077 1330 1160 1359 non
1184 1331 1276 1359 mo-

151 1392 206 1434 do
248 1402 359 1432 recte
402 1390 563 1432 novisse
601 1401 768 1445 oportet
801 1391 1019 1439 homines,
1065 1387 1132 1428 sed
1159 1399 1277 1440 prae-

153 1473 260 1503 terea
299 1472 340 1502 et
378 1460 634 1508 adiumenta,
687 1461 836 1514 quibus
877 1461 991 1501 hisce
1046 1457 1277 1499 satisfacere

153 1534 308 1586 optime
338 1530 563 1584 possumus.
582 1526 662 1584 (2)
722 1530 832 1572 Cum
866 1533 951 1580 ita,
979 1531 1021 1571 in
1049 1528 1273 1570 humanita-

154 1604 227 1651 tis,
259 1603 439 1655 patriae,
482 1601 736 1650 amicorum‚
777 1599 843 1641 vel
884 1611 926 1639 et
955 1600 1038 1639 mei
1068 1600 1189 1653 ipsius
1221 1599 1279 1640 sa-

154 1672 280 1713 lutem
323 1684 364 1712 et
397 1671 727 1725 perfectionem,
783 1669 1006 1724 praestare,
1049 1681 1101 1711 ex
1140 1669 1280 1710 officio

155 1742 233 1783 five
273 1741 459 1794 perfecto
494 1742 560 1782 seu
596 1740 863 1794 imperfecto,
907 1737 1063 1793 aliquid
1095 1738 1273 1786 vellem,

155 1823 231 1852 nec
263 1822 393 1852 tamen
430 1812 596 1853 modum
637 1811 960 1866 cognoscerem,
995 1784 1088 1863 csuo
1117 1809 1278 1862 optime

156 1882 237 1923 hoc
264 1893 494 1935 peragerem
511 1912 523 1932 ‚
553 1893 596 1922 et
624 1882 818 1923 nescirem
850 1894 930 1935 qua
963 1882 1121 1922 ratione
1147 1881 1279 1932 impe-

155 1951 332 1993 dimenta
354 1953 509 2004 optime
539 1951 806 2002 tollerentur,
837 1951 1030 2006 profecto
1056 1949 1176 1991 finem
1192 1960 1276 1989 me-

200 2075 264 2120 (1)
289 2078 393 2112 Cic.
417 2079 453 2111 de
477 2077 540 2120 Off.
566 2079 588 2112 Ι.
617 2088 648 2120 4.
1210 2030 1278 2060 um

201 2131 264 2177 (2)
289 2136 494 2177 Anonymi
522 2134 606 2167 liber
635 2135 689 2167 cui
719 2135 858 2169 titulus:
893 2135 1064 2175 Pisteuon,
1086 2132 1161 2167 oder
1182 2130 1278 2166 ueber

155 2192 268 2237 dascyn
296 2195 423 2234 Gb‘ttes,
446 2203 481 2237 p.
507 2203 582 2236 294.
