1519 2729
418 172 434 186 ·
554 214 564 225 ·
677 127 941 198 (104)

258 279 404 332 quibus
443 279 507 319 vel
550 281 590 319 in
624 278 743 335 >bello
780 280 829 319 ab
858 279 1042 321 hostibus
1071 278 1368 330 afficiebantur,

257 349 322 389 vel
358 362 458 403 quae
494 351 534 389 in
578 361 700 389 terrae
744 349 880 403 fruges
921 350 970 390 ab
997 348 1150 402 Jehova
1187 349 1258 390 fibi
1295 350 1369 389 im-

223 419 372 473 --pmissa
413 419 662 466 sentiebant,
693 420 732 458 in
764 419 878 460 causa
906 419 1094 467 fuerunt,
1122 431 1193 459 cur
1223 418 1371 471 sponte

257 489 323 528 sua
344 488 564 542 ‘aliquando
592 487 640 527 ad
669 486 895 537 Samuelem
923 489 1133 537 venerint,
1165 488 1235 540 qui
1263 485 1371 539 apud

254 557 451 612 Jehovam
480 571 554 611 pto
583 557 622 596 se
651 558 897 598 intercedere
924 558 1060 599 vellet.
1120 558 1252 606 Item,
1284 556 1370 598 Da-

194 644 197 645 ’
255 629 359 669 vidis
399 640 439 668 et
469 628 697 668 Salomonis
726 640 848 677 aevo,
879 627 1080 668 fortunata
1106 638 1371 673 rerumscon-

255 699 391 751 ditio,
421 711 540 751 quam
571 697 761 751 Jehovae-
779 699 936 738 auctori
977 709 1185 750 acceptam
1223 696 1372 736 refere-

255 767 380 817 bant,
427 779 467 807 et
498 767 629 808 cultus
668 769 824 808 externi
855 780 1006 820 pompa
1036 780 1082 807 ac
1113 765 1372 821 magnificen-

255 839 338 886 tia,
371 836 549 891 Templo
578 837 780 878 exstructo
814 837 1084 877 Salomonaeo
1114 837 1374 878 vehementer

254 907 525 960 amplificata,
570 906 849 949 Hebraeorum
876 909 1031 948 animos
1061 907 1110 947 ab
1142 905 1374 947 idololatria

253 979 452 1018 avocavit.
514 977 708 1031 Ejusdem
735 989 834 1018 vero
862 979 1021 1031 generis
1050 977 1210 1025 causae,
1239 974 1373 1016 sensus

253 1059 442 1090 externos
482 1048 741 1088 vehementer
783 1048 1027 1096 afficientes,
1072 1058 1215 1100 postea
1251 1046 1373 1086 etiam

252 1131 436 1171 magnam
462 1119 545 1158 vim
572 1128 850 1159 exercuerunt.
917 1115 1064 1169 Neque
1105 1117 1212 1156 enim
1243 1117 1373 1155 minae

251 1180 544 1240 Prophetarum
578 1188 828 1242 gravissimae
869 1186 1246 1238 admonitionesque
1273 1195 1374 1224 con-

192 1299 197 1308 ,
254 1258 387 1296 tinuae
404 1286 417 1306 ‚
449 1268 514 1306 et,
547 1270 625 1310 qua
653 1256 857 1297 idolorum
884 1256 1037 1295 vanitas
1064 1256 1107 1294 in
1132 1254 1253 1306 plena
1279 1252 1373 1293 luce

251 1326 556 1376 collocaretur,
587 1327 784 1375 institutio
811 1327 991 1380 optima,
1031 1337 1191 1365 omnem
1216 1323 1266 1364 ad
1284 1323 1374 1364 ido-

252 1395 457 1451 lolatriam·
521 1399 831 1452 propensionem
888 1395 1082 1436 cohibere
1137 1404 1371 1446 potuerunt.

196 1459 202 1463 “
252 1466 464 1506 Accedere
492 1467 692 1507 debebant
720 1465 822 1507 mala
853 1466 1065 1520 gentisque
1095 1463 1340 1504 calamitates
1357 1492 1371 1513 ‚

250 1535 466 1577 oculorum
508 1536 679 1577 senfibus
713 1537 916 1589 expositae
958 1536 1214 1586 animumque
1254 1546 1372 1586 quas-

252 1605 395 1646 santes,
471 1605 680 1661 Quocirca
721 1598 910 1647 exsilium
945 1605 1105 1646 demum
1149 1603 1371 1655 Babyloni-

253 1689 347 1717 cum
378 1688 489 1726 rem,
521 1688 622 1730 quae
652 1677 843 1718 inchoata
870 1687 980 1724 erat,
1011 1674 1199 1728 perfecit.
1239 1673 1371 1713 Patria

251 1747 414 1796 eversa,
447 1748 642 1801 templum
673 1749 876 1796 dirutum,
909 1745 1153 1787 calamitates
1186 1743 1371 1796 praesen-

253 1817 445 1867 tissimae,
476 1817 632 1858 divinae
648 1819 856 1872 potentiae
871 1828 911 1856 et
926 1815 1177 1856 auctoritatis
1194 1825 1235 1854 et
1248 1813 1370 1867 maje-

250 1886 358 1927 statis
381 1887 922 1935 documentaillustrisfima,
954 1888 994 1926 in
1008 1886 1177 1940 patriam
1194 1883 1368 1934 reditus;

252 1957 350 1996 haec
367 1958 490 2011 igitm·
507 1957 554 1996 iis
569 1956 727 1996 tandem
754 1957 1058 2011 persuaserunt,
1091 1953 1227 1996 Deum
1256 1954 1369 1994 suum

248 2025 444 2080 Jehovam
474 2026 661 2066 omnibus
691 2023 785 2067 Diis
814 2027 938 2082 longe
974 2026 1056 2067 esse
1085 2025 1362 2077 superiorem,

252 2097 351 2148 quin
387 2097 512 2135 immo
540 2108 680 2135 vanam
709 2097 793 2138 esse
821 2109 860 2140 et
890 2099 1046 2137 inanem
1083 2093 1367 2135 idololatriam.

251 2164 365 2220 Quid
400 2166 526 2207 multa
562 2168 732 2208 moror‘.2
778 2157 895 2222 Quae
946 2165 1147 2210 causarum
1190 2176 1366 2220 genera,

1283 2245 1367 2274 am-
