1519 2729
524 169 779 228 (¹23)

100 326 265 369 quoque
294 310 415 354 datae'
442 311 530 353 sunt
568 310 875 366 cognoscendae
914 322 954 352 et
995 310 1216 366 dijudican-

99 385 205 433 dae,
234 395 364 436 neque
397 381 553 432 solum,
597 394 736 435 neque.
755 394 803 423 ex
830 392 943 434 parte
980 381 1157 433 pendent
1197 394 1221 422 a

100 455 278 502 notitia,
309 452 463 506 judicio
494 463 534 492 et
564 452 810 492 conscientia
846 450 982 499 illius,
1024 452 1093 504 qui
1135 451 1221 492 offi-

100 525 210 565 cium
233 521 310 563 tale
338 521 566 576 perfectum
594 521 866 575 praestandum
908 521 1030 561 habet
1047 550 1060 568 ,
1103 522 1142 561 in
1173 522 1223 561 iis

100 594 270 634 omnino
325 591 503 640 cafibus,
546 593 586 631 in
627 591 774 645 quibus
812 603 891 644 ope
924 590 1224 645 hujusjudicii

101 661 202 702 mihi
231 662 457 715 persuasum
488 661 649 712 habeo,
691 661 858 702 alterum
885 660 1078 706 adversari
1121 660 1224 715 legi-7

101 731 179 771 bus
217 731 433 784 sapientiae
493 743 534 771 et
588 731 806 781 bonitatis,
849 731 875 771 fi
916 730 1051 783 reapse
1090 743 1226 771 meum

100 802 165 857 Jus
180 813 263 841 non
291 802 457 855 agnovit
481 802 588 855 fique
616 812 679 841 me
702 800 896 854 impedire
924 800 1035 851 vult,
1065 802 1227 854 quomi-

101 882 176 912 nus
201 871 282 910 hoc
308 870 395 923 jure
422 881 510 910 utar
540 867 634 923 (1).
1128 896 1132 900 ,

160 938 339 980 Primum
354 950 487 979 autem
503 939 766 981 corollarium
781 969 794 989 ,
826 939 937 993 quod
961 940 1069 994 apud
1090 940 1141 981 M
1150 953 1226 980 en-

104 1007 357 1053 de‘lidem
394 1020 444 1050 ex
470 1008 737 1049 demonstrato
766 1009 996 1049 discriniine
1031 1012 1135 1050 inter
1164 1011 1228 1064 ju-

107 1091 151 1120 ra
192 1078 374 1132 perfecta
415 1088 535 1131 atque
572 1079 810 1131 imperfecta
839 1078 1042 1132 sequitur,
1074 1090 1134 1119 est
1159 1078 1234 1124 hu-

104 1148 282 1203 jusmodi
309 1145 414 1202 (2):
466 1149 584 1188 unice
632 1147 763 1189 officia
817 1160 858 1188 et
891 1133 1013 1203 jura*²
1031 1161 1133 1203 quae
1187 1150 1230 1189 in

108 1216 336 1257 omittendo
379 1218 640 1267 confistunt,.
688 1219 730 1258 in
785 1217 883 1259 statu
939 1229 1114 1260 naturae
1143 1219 1232 1260 sunt
1295 1252 1303 1256 ,

108 1284 318 1340 perfecta3
365 1288 499 1327 omnia
539 1299 638 1328 vero
663 1288 750 1341 jura
781 1289 952 1340 pofitiva
977 1300 1018 1328 et
1046 1289 1176 1329 officia
1208 1300 1232 1328 e

111 1358 314 1398 contrario
354 1356 441 1397 sunt
482 1356 720 1410 imperfecta
747 1356 841 1410 (3).
908 1357 1060 1411 Igitur:
1105 1358 1233 1398 homo

109 1426 190 1469 fine
232 1425 536 1473 benevolentia,
581 1425 731 1479 passiva
760 1438 827 1467 aut
855 1429 1012 1476 activa,
1049 1439 1132 1467 non
1159 1441 1234 1480 po-

111 1506 190 1537 test
229 1495 313 1536 esse
353 1495 454 1539 felix
493 1492 588 1550 (4).
620 1516 664 1524 —
694 1496 833 1550 Itaque
873 1497 1028 1539 homini
1057 1498 1236 1539 officium

111 1566 338 1616 incumbit,
363 1580 410 1608 ea
440 1567 575 1617 bona,
605 1580 747 1608 eorum
775 1567 912 1608 saltem
940 1579 1117 1620 partem,
1157 1580 1236 1620 qua

116 1647 250 1676 carere
279 1648 446 1689 potest,
498 1637 547 1678 ad
576 1637 791 1680 utilitatem
833 1637 890 1678 sui
932 1637 1144 1686 similium,
1173 1636 1239 1683 ad
1289 1682 1291 1684 ¹

117 1703 439 1747 benevolentiam
480 1707 709 1749 adhibendi.
762 1707 912 1748 Verum
936 1706 1036 1747 haec
1065 1706 1237 1747 facultas

116 1787 209 1814 cum
237 1775 282 1816 fit
308 1775 475 1818 limitata
492 1807 505 1827 ,
537 1789 657 1831 atque
680 1778 831 1819 cessare
873 1778 1024 1830 possit,
1062 1789 1111 1818 ex
1130 1776 1237 1817 elec-

118 1845 229 1887 tione
248 1856 288 1886 et
311 1845 642 1892 determinatione
657 1848 742 1903 ejus
756 1849 825 1903 qui
841 1846 1075 1890 facultatem
1092 1847 1239 1897 habet,

1173 1917 1241 1959 de·

163 2035 491 2082 (1>F1att.1.l.
518 2054 552 2086 p.
584 2053 636 2089 14.

163 2092 227 2138 (2)
256 2096 339 2130 lbid.
363 2100 384 2134 l.
410 2101 433 2134 l.
455 2112 489 2143 p.
514 2103 569 2136 26.

165 2151 229 2198 (3.)
254 2159 293 2193 Μ
309 2168 327 2192 e
344 2170 365 2193 11
380 2159 401 2193 d
417 2168 434 2193 e
452 2158 523 2193 lid
539 2169 557 2194 e
573 2169 587 2193 s
603 2183 614 2201 ,
637 2159 662 2193 l.
685 2158 706 2192 1.
730 2158 757 2203 1x
770 2155 915 2192 Abschn.
929 2167 964 2202 p.
986 2157 1045 2201 36.

164 2210 228 2260 (4)
251 2227 284 2260 p·
309 2225 363 2260 33-
