1519 2729
688 129 911 202 (34)

236 269 340 312 sacci
369 281 428 310 est
457 269 666 310 formatus.
720 269 889 310 Constat
919 279 1092 322 quatuor
1119 269 1359 310 membranis

233 341 381 381 tunica
404 340 634 390 exteriori,
673 341 934 390 masculari,
978 351 1136 380 nemea
1170 338 1361 380 ac'vesti-

232 421 370 450 mento
408 410 590 449 interno.
651 407 745 450 Hoc
773 411 812 450 in
839 409 1101 463 receptaculo
1119 422 1148 456 ,·
1165 407 1262 449 duae
1290 407 1361 448 ha-

232 479 378 520 bentur
392 490 623 530 aperturae:
656 479 833 529 cardia,
855 494 932 533 qua
949 480 1084 521 cibum
1103 479 1249 532 recipit
1263 489 1365 518 ven--

232 548 427 595 triculus,
472 549 512 600 in
557 548 760 601 superiore
801 561 945 603 parte,
988 561 1028 588 et
1064 550 1240 603 pylorus
1277 560 1360 589 non

227 617 351 672 longe
380 630 401 656 a
429 616 556 658 fundo
580 629 787 669 remotus,
817 631 901 671 quo
926 618 1042 658 cibus
1057 619 1097 658 in
1128 617 1359 658 duodenum

227 687 389 734 transit,
421 687 491 727 ubi
523 685 602 741 (1)
634 688 799 728 infinitis
821 688 905 728 fere
932 689 1028 729 vafis
1058 687 1225 737 lacteis,
1258 699 1360 740 quae

227 757 267 796 in
297 767 482 796 extorum
515 758 683 797 cavitate
711 759 990 810 reperiuntur,
1021 757 1287 799 absorbetur..
1378 812 1384 818 ἡ

242 845 247 850 >
287 825 508 880 Postquam
531 829 654 882 igitur
676 828 775 869 haec
803 829 914 878 vasa,
942 839 1217 882 quae‘partem
1241 827 1359 880 syste-
1385 817 1388 819 ⁵

230 899 346 936 matis
385 897 627 950 lymphatici
660 900 900 950 continent,
931 900 1152 952 permeavit
1182 897 1358 951 chyum,

228 977 348 1019 atquc
384 980 406 1007 a
439 969 589 1007 naturis
632 968 913 1023 heterogcncis
956 967 1234 1022 glandularum
1279 980 1358 1021 ope

225 1047 286 1076 cst
325 1037 499 1077 secretus
517 1067 529 1086 ,
574 1040 783 1079 concurrit
828 1039 869 1077 in
918 1039 1231 1091 receptaculum
1279 1040 1358 1079 five

227 1105 453 1162 cisternam
484 1106 596 1161 cltyli
612 1138 624 1156 ,
657 1120 758 1161 quae
783 1119 843 1147 est
871 1108 1017 1149 fundus
1039 1107 1186 1150 ductus
1209 1107 1358 1149 thora-

227 1167 319 1218 cici.
359 1176 498 1229 Itaque
527 1176 698 1228 chyltis,
729 1178 781 1218 fic
812 1187 1099 1231 praeparatus,
1130 1188 1248 1231 aptus
1273 1189 1357 1228 est,

224 1247 293 1299 qui
309 1259 441 1300 prope
464 1248 666 1288 cervicem
683 1249 722 1287 in
739 1259 880 1287 venam
905 1246 1147 1288 subclaviam
1170 1247 1357 1289 sinistram

225 1316 414 1358 fundatur
439 1329 480 1358 et
509 1319 564 1358 ita
591 1330 682 1359 cum
713 1316 901 1371 sanguine
926 1318 1074 1357 miXtus
1102 1317 1152 1357 ad
1181 1329 1255 1358 cor
1280 1331 1356 1358 no-

227 1385 347 1426 strum
375 1386 607 1428 deducatur.
658 1386 777 1427 Vires
802 1397 958 1435 autem,
990 1398 1092 1438 quae
1120 1386 1357 1440 propellunt

228 1455 395 1508 chylum
419 1469 493 1509 per
522 1457 609 1498 vasa
626 1487 638 1506 ,
671 1457 870 1510 originem
894 1456 1040 1496 ducere
1059 1455 1245 1497 videntur
1261 1487 1273 1506 ,
1306 1470 1355 1498 ex

226 1525 271 1565 vi
314 1525 590 1568 contrahente
630 1527 773 1567 horum
815 1527 1029 1576 vasorum,
1072 1540 1121 1567 ex
1170 1528 1357 1568 valvulis

226 1607 398 1643 eorum,
429 1608 479 1635 ex
500 1595 709 1650 pressione
729 1611 750 1637 a
769 1598 1014 1650 posteriori,
1046 1609 1166 1650 atque
1190 1609 1240 1637 ex
1257 1597 1357 1651 pul-

217 1663 271 1721 su
299 1666 571 1707 ι11ῑενίιι111111
600 1668 933 1720 propinquarum.

262 1734 428 1775 Omnis
456 1736 554 1776 haec
584 1736 737 1778 fabrica
778 1737 1044 1791 digestionem
1087 1736 1271 1777 ciborum
1316 1748 1358 1777 et

225 1805 487 1845 nutritionem
531 1806 697 1860 spectat.
757 1806 862 1847 Nam
907 1806 1003 1847 cibo
1040 1806 1259 1861 digerendo
1296 1807 1357 1847 in-

227 1874 346 1916 servit
364 1872 514 1930 fitcczts
553 1876 798 1930 gastrictts,
828 1890 912 1931 quo
954 1876 1066 1917 fimul
1107 1874 1355 1930 putrefactio

1294 1958 1354 1986 ar-

269 2042 491 2089 (1)B1u1n
509 2057 527 2080 e
542 2058 562 2080 n
577 2047 598 2080 b
613 2057 630 2080 a
645 2058 663 2081 c
678 2047 696 2080 h
715 2072 725 2087 ,
751 2055 773 2083 t.
801 2057 829 2081 a.
845 2058 893 2090 ρ.
922 2047 967 2082 bl.
997 2057 1060 2091 357
1077 2072 1087 2087 ‚
1111 2057 1178 2091 quo
1192 2054 1350 2083 auctore.

224 2110 289 2133 nee
307 2101 411 2134 minus
438 2103 461 2136 P
477 2112 493 2135 a
508 2103 517 2135 1
536 2113 552 2136 c
569 2114 590 2146 y
603 2114 645 2145 o,
670 2104 726 2138 lib.
751 2105 771 2140 Ι,
798 2105 829 2138 in
849 2103 882 2137 h.
898 2105 930 2148 §-
945 2104 1182 2143 concinnanda,
1197 2104 1356 2138 contiuuo

224 2156 296 2191 usus
325 2157 384 2192 sui.
