1519 2729
745 173 972 234 (34)

268 318 548 372 inexspectato
572 316 730 373 meret,
768 315 836 357 seu
862 316 1013 357 insueta
1039 317 1158 357 vocis
1196 315 1408 370 majestate

269 402 472 454 stuporem
500 411 567 441 aut
597 410 750 440 metum
780 398 990 453 injiceret:
1023 409 1176 439 tantum
1207 396 1406 437 humanae

268 495 429 524 naturae
460 482 582 523 decus
607 480 740 522 oculis
771 480 990 522 exhibebat
1015 491 1217 534 perpetuo
1234 511 1247 531 .,
1279 492 1406 533 quan·-

269 577 353 607 tum
385 578 434 605 ne
474 563 880 605 honorificentissima
924 562 1088 617 quidem
1134 563 1405 603 maximorum

266 648 443 687 virorum
472 645 640 686 historia
680 657 850 699 usquam
872 644 971 685 alibi
1002 643 1174 694 offeram,
1222 644 1293 697 qui
1335 643 1404 684 de-

264 730 388 782 nique
416 729 456 768 in
483 726 568 781 ipsa
607 727 782 768 crudelis
808 725 999 779 supplicii
1029 726 1193 766 infamia
1222 736 1403 766 extrema

264 811 318 851 fic
348 809 385 850 se
415 808 583 864 gerebat
609 807 953 859 constantisfime,
983 820 1076 848 eum
1107 818 1182 857 ut,
1212 819 1298 848 non
1326 806 1403 847 ho-

264 893 410 932 minem
438 889 650 944 quemdam
676 890 1039 932 extraordinarium
1079 891 1120 930 in
1165 889 1280 931 hisce
1323 900 1402 929 ter-

262 975 317 1014 ris
360 973 654 1026 progenitum,r
692 970 820 1012 immo
863 985 962 1013 vero
1009 971 1186 1025 aliquem
1232 971 1401 1012 homine

262 1057 456 1110 majorem
473 1085 486 1104 ‚
518 1066 540 1093 e
571 1051 700 1094 coelis
728 1052 906 1095 delatum
936 1054 1176 1108 divinaeque
1199 1052 1398 1108 praestan-

262 1139 339 1178 t'iae
363 1137 604 1190 participem
632 1135 812 1175 venerari
844 1136 1056 1187 oporteat!

317 1219 439 1259 Tanti
471 1230 631 1271 tamque
660 1215 992 1271 incomparabilis
1020 1217 1097 1256 viri
1124 1215 1272 1271 religio
1301 1229 1395 1258 cum

259 1304 300 1342 in
326 1301 367 1341 se
394 1302 574 1341 omnium
604 1301 777 1340 maxime
802 1298 987 1340 absoluta
1016 1310 1056 1339 et
1086 1298 1268 1356 perfec-ta
1312 1312 1396 1340 me-

258 1385 338 1424 rito
379 1381 614 1431 censeatur,
660 1380 818 1421 idcirco
863 1395 984 1436 quam
1031 1393 1078 1421 ea
1122 1381 1204 1421 vim
1244 1380 1395 1431 habere
1448 1396 1449 1406 ¹

257 1465 382 1519 possit
408 1466 448 1505 in
476 1463 647 1504 studium
678 1463 876 1512 honoris,
922 1475 1060 1505 coram
1104 1462 1226 1503 vobis
1265 1475 1397 1516 expo-

256 1561 351 1589 nere
382 1559 601 1601 cuperem,
645 1547 697 1587 A.
740 1545 793 1586 A.
823 1547 893 1588 nifi
920 1559 985 1586 me
1021 1556 1062 1585 et
1092 1546 1252 1585 termini
1297 1546 1394 1587 huic

259 1631 433 1671 orationi
475 1629 675 1683 praefiniti
717 1630 965 1679 retinerent,
1008 1639 1049 1668 et
1082 1641 1170 1669 mea
1197 1628 1318 1681 ipsius
1347 1630 1390 1669 in

259 1723 338 1752 tam
377 1711 537 1752 sublimi
566 1722 806 1766 argumento
836 1710 1047 1752 tractando
1086 1709 1302 1751 cohiberet
1328 1711 1396 1751 de-

259 1795 408 1837 bilitas.
469 1794 726 1850 Quamquam
751 1806 874 1848 quare
901 1792 1004 1834 illud
1032 1792 1301 1833 demonstrare
1323 1806 1396 1834 co-

257 1891 397 1928 narer,
442 1877 554 1931 quod
594 1876 794 1930 in'plena
835 1875 929 1916 luce
980 1874 1169 1915 omnibus
1212 1876 1391 1928 pofitum

256 1961 351 2000 est?
394 1959 646 2005 Enimvero,
691 1969 900 2012 quotquot
947 1956 1393 2011 mecum-religionem

257 2041 528 2082 Christianam
569 2039 735 2089 colitis,
782 2052 952 2093 eamque
992 2051 1075 2079 non
1115 2050 1166 2079 ex
1204 2038 1391 2080 humanis

258 2122 388 2177 iisque
429 2121 544 2174 saepe
588 2122 871 2162 contaminatis
910 2133 958 2161 ae
1011 2119 1180 2160 sordidis
1219 2121 1390 2173 rivulis,

259 2204 326 2246 sed
354 2217 404 2246 ex
426 2203 640 2257 purisfimo
665 2203 782 2244 fonte
809 2203 950 2246 divino
978 2202 1187 2253 haufistis‚
1219 2193 1302 2245 uno
1318 2216 1392 2245 ore

1331 2286 1389 2328 fa·-
