1519 2729
693 145 923 203 (10)

240 294 371 325 terunt
399 296 592 325 naturam.
652 283 860 326 Mittimus
883 285 1002 325 etiam
1037 281 1213 324 famosos
1253 281 1362 323 vesa'o

236 379 286 407 na
330 366 397 409 sua
432 367 666 421 crudelique
710 367 895 422 superbia
950 366 1132 415 Tui-cas,
1193 365 1263 418 qui
1302 363 1362 405 nil

237 450 456 503 quidquam
486 463 702 492 commune
729 450 880 492 habent
907 463 1000 491 cum
1026 447 1260 498 Arabibus‚
1290 447 1362 488 nifi

235 533 540 575 Mohammedis
580 534 834 589 religionem.
924 532 1047 573 Solos
1082 531 1261 585 spectare
1289 542 1364 570 vo-

235 615 393 657 biscum
420 616 519 658 volo
547 629 668 670 purae
692 630 739 658 ac
766 617 937 658 fincerae
966 616 1135 670 originis
1173 613 1331 655 Arabes
1347 643 1365 664 ‚

230 700 300 751 qui
343 700 383 738 in
409 701 538 755 'avitis
581 700 739 741 sedibus
792 698 1019 740 constanter
1055 696 1275 738 inhaesere.
1317 711 1367 723 -·

230 779 382 821 Verum
410 782 451 821 hi
481 783 553 835 ipsi
580 781 766 822 nonnihil
793 781 899 822 forte
933 780 1054 821 vobis
1094 778 1364 832 displiceantt

228 874 312 904 non
341 864 482 904 urbani
513 865 676 917 quidem
708 863 903 905 cultiores
931 875 1052 917 atque
1093 860 1366 917 agriculturae

226 958 268 986 et
299 949 557 987 commerciis
587 947 742 997 dediti3
774 945 843 987 sed
868 946 1061 987 nomades
1094 957 1216 998 atque
1255 955 1364 984 cam-

227 1029 405 1082 pestres,
452 1032 521 1083 qui
559 1029 732 1084 priscam
772 1030 904 1084 gentis
931 1028 1111 1069 indolem
1143 1026 1365 1068 diutissime

226 1113 426 1152 retinuere
463 1125 546 1152 non
582 1123 787 1153 mutatam.
818 1129 863 1138 —
893 1111 1000 1151 Vide
1027 1112 1162 1160 enim,
1205 1110 1364 1163 inquie-.

230 1195 280 1233 tis
298 1224 310 1243 7
341 1195 432 1234 vide
458 1206 636 1248 agrestes
666 1197 768 1234 istos
797 1194 996 1246 rudesque
1024 1193 1235 1246 homines!
1283 1191 1366 1232 Im-

229 1288 300 1317 mo
324 1277 415 1316 vide
455 1278 694 1317 inhumanos
719 1277 1006 1330 praedatores,
1047 1276 1249 1316 viatorum
1278 1273 1365 1314 for-

229 1359 422 1400 midinem
451 1373 572 1412 atque
602 1360 811 1400 horrorem
829 1389 842 1409 ‚
885 1372 990 1412 quos
1018 1358 1153 1398 subito
1178 1346 1364 1412 aggi-‘edi-

229 1454 347 1482 antur
390 1442 645 1496 spolientque
687 1443 844 1484 saevum
881 1443 921 1481 in
949 1441 1141 1482 modum!
1173 1461 1220 1472 —
1247 1439 1362 1481 Novi

229 1527 395 1578 utique:
427 1538 502 1565 nec
534 1537 646 1566 meos
673 1525 829 1565 Arabes
854 1524 973 1565 vobis
1000 1523 1103 1565 alios
1133 1523 1362 1565 describere

226 1607 349 1648 velim
392 1621 438 1648 ac
481 1608 569 1649 sunt
612 1609 654 1648 iu
682 1621 815 1648 rerum
845 1619 996 1648 natura.
1057 1606 1114 1647 At
1141 1605 1272 1646 nolim
1302 1617 1361 1645 ta-

226 1703 347 1740 men,
392 1691 556 1731 eosdem
594 1702 638 1731 ut
668 1692 787 1731 nimis
822 1692 919 1731 atris
960 1689 1172 1731 coloribus
1216 1688 1360 1742 depin-

225 1774 355 1828 gatis,
388 1773 589 1827 talemque
614 1774 735 1814 vobis
762 1773 989 1813 informetis
1035 1785 1176 1813 eorum
1217 1772 1360 1826 imagi-

227 1868 347 1904 nem,
419 1855 580 1910 qualem
636 1856 708 1910 ipsi
768 1855 1059 1911 indignabundi
1110 1855 1361 1908 respuerent.

227 1938 366 1991 Turpe
410 1939 610 1980 latronum
652 1951 802 1980 nomen
842 1938 1074 1994 refugiunt:
1126 1937 1194 1979 sed
1229 1936 1362 1978 nobili

228 2020 462 2074 superbiunt
502 2021 622 2062 titulo
664 2021 924 2063 bellatorum.
1013 2021 1136 2062 Avita
1175 2020 1363 2061 libertate

228 2103 449 2159 gloriantes
467 2134 479 2155 ‚
511 2118 589 2158 qua
624 2106 770 2145 exteris
797 2116 1013 2158 numquam
1042 2096 1290 2157 paruerunt,
1321 2114 1363 2144 et

228 2187 474 2230 desertorum
489 2219 503 2240 ,
535 2188 727 2229 divinitus
747 2187 902 2230 scilicet
917 2188 1094 2243 genitori
1119 2187 1192 2229 suo
1213 2186 1362 2229 Ismaii-

445 2265 450 2268 ·
1180 2258 1183 2259 ’
1330 2268 1362 2310 li
