1519 2729
703 162 932 228 <2⁶2

257 291 446 354 ximeque
473 301 708 359 reverendas
748 312 788 343 et
818 303 934 346 Deos
962 302 1055 345 illos
1086 301 1302 344 simulacris
1324 299 1387 343 r'ef--

255 369 482 424 fingerent,
529 384 632 424 quos
675 383 863 426 tanquam
915 385 1048 428 patres
1087 383 1252 426 regesve
1275 371 1390 413 cole-

200 466 203 467 ν
256 434 380 490 bant,
426 451 465 481 et
496 443 535 482 in
571 455 711 484 eorum
742 443 942 484 honorem
980 443 1168 484 convivia
1202 440 1389 494 festaque

250 509 463 553 laetissima
487 512 751 554 celebrarent.
813 513 923 554 Hinc
966 514 1090 569 igitur
1116 509 1306 552 Deorum
1340 512 1389 552 fi-

253 580 432 622 'mulacra
457 582 712 632 exstiterunt,
756 594 798 624 et
823 584 957 624 honos
994 582 1150 624 divinus
1187 580 1281 643 illis!
1316 582 1386 621 tri-

255 649 390 691 butus.
451 651 698 704 Perspicitur
726 655 764 693 in
809 654 953 694 horum
985 653 1115 694 forma
1143 661 1264 703 atque
1297 649 1386 703 spe-
1440 690 1447 695 .

254 720 318 759 cie
358 721 539 762 universa
577 721 855 763 Orientalium
886 723 1053 776 propria
1091 718 1251 761 indoles
1283 716 1386 772 (a).

255 787 419 830 Etenim
446 803 528 831 non
560 791 766 831 hominem
795 792 1047 843 potissmium
1090 787 1288 829 imitando
1318 799 1390 828 ex-

255 845 510 912 presse1⁴unt{
545 858 681 899 saltem
712 861 876 901 moralis
904 861 1114 901 hominum
1138 858 1389 899 conditionis

252 940 394 980 parum
415 931 612 970 rationem
644 930 883 972 habuerunt.
945 930 1040 971 Hoc
1071 930 1231 970 demum
1261 927 1391 969 Grae*

252 999 313 1037 cis
357 996 571 1048 relictum,
617 1012 797 1041 naturam
837 1001 1031 1041 moralem
1074 1000 1231 1040 summo
1258 997 1390 1040 studio

248 1067 574 1122 [explorantibus.
635 1070 701 1111 Illi
741 1082 947 1112 externam
976 1071 1155 1111 hominis
1185 1067 1389 1118 formam,

252 1146 338 1179 non
374 1139 506 1180 sensus
544 1140 794 1197 affectusque
830 1143 981 1190 animi,
1026 1139 1239 1187 admirati,
1283 1139 1391 1177 vires

256 1216 410 1250 tantum
443 1223 661 1270 corporeas
701 1211 835 1252 statuis
864 1210 1158 1259 informaruntz,
1204 1219 1392 1248 nonnun-

255 1293 374 1332 quam
406 1281 525 1320 etiam
554 1281 768 1330 animalia,
813 1280 1049 1321 hominibus
1075 1277 1139 1319 vel
1165 1277 1316 1319 robore
1349 1287 1390 1317 et

255 1348 519 1398 fortitudine,
550 1351 615 1391 vel
642 1351 888 1399 calliditate,
927 1349 992 1390 vel
1018 1348 1293 1397 amabilitate,
1324 1340 1394 1387 vel

255 1419 343 1459 aliis
384 1419 674 1471 facultatibus,
720 1434 764 1462 ut
806 1420 898 1474 ipfis
926 1409 1167 1468 videbatur,
1210 1416 1390 1459 antecel-

254 1489 406 1539 lenda,
437 1491 699 1539 effinxerunt,
745 1490 812 1532 vel
832 1495 982 1531 'eorum
1009 1502 1163 1543 partem
1205 1489 1389 1529 humano

256 1561 423 1614 corpori
453 1562 742 1614 imposuerunt.
833 1560 891 1601 Ita
923 1559 1074 1614 Dagon
1106 1555 1213 1611 (b),
1259 1556 1388 1598 Phili-

256 1629 453 1670 staeorum
497 1630 642 1681 Deum,
687 1632 813 1684 piscis
848 1631 1020 1672 formam
1065 1628 1270 1676 habebat,
1323 1626 1391 1668 sed

258 1702 402 1752 partim
431 1701 742 1750 tantummodo,
785 1714 876 1741 nam
908 1702 993 1756 ejus
1021 1708 1391 1741 commemorantur

260 1777 398 1810 manus
424 1782 463 1811 et
492 1771 858 1824 caputhumanum.
895 1770 1075 1812 Moloch
1099 1781 1260 1818 autem,
1289 1766 1389 1808 Am·-

259 1843 501 1882 monitarum
541 1842 756 1883 nefandum
786 1854 963 1890 numen,
1010 1854 1059 1882 ex
1100 1852 1190 1880 aere
1221 1837 1389 1880 confec-

261 1917 371 1961 tum,
418 1911 522 1953 facie
557 1924 640 1953 erat
680 1913 878 1962 vitulina,
924 1923 1063 1952 manus
1109 1910 1268 1963 supinas
1318 1919 1388 1947 ex—

1302 1989 1387 2019 ten-

304 2081 367 2127 (η)
393 2083 554 2122 Hecrcn,
598 2083 616 2115 l.
651 2084 668 2115 l.
703 2085 837 2118 111Th.
870 2082 1008 2118 IAbth.
1035 2091 1105 2124 pag.
1140 2082 1192 2125 76.
1235 2078 1387 2116 Michae-

258 2139 318 2178 lis,
346 2134 534 2181 lllqfi„¹12l}·0'2es
562 2137 661 2172 Recht
690 2141 803 2185 §248.
832 2150 903 2185 pag.
939 2140 997 2182 138
1015 2163 1025 2180 ‚
1057 2147 1120 2181 139

302 2194 364 2241 (b)
392 2207 403 2230 1
439 2196 566 2230 Samuel
589 2196 629 2230 V:
658 2209 679 2240 4
