1519 2729
550 146 775 205 (39)

101 290 283 346 vulgari,
317 290 371 331 ob
392 288 670 329 elasticitatem
697 299 892 341 vaporum
909 319 921 338 ‚
953 301 974 328 a
1003 281 1224 341 parietibua

99 361 392 409 exhalantium,
451 371 529 412 qua
572 359 760 399 mercurii
808 357 997 398 columna
1033 358 1224 411 deprimi-

99 441 175 471 tur.
249 429 517 478 Differentia,
561 441 662 481 quae
707 428 919 470 intercedit
963 429 1065 469 inter
1104 428 1222 484 hujus

97 499 308 542 columnae
338 510 378 539 et
406 499 620 539 barometri
650 497 825 553 vulgaris
853 498 1130 548 altitudinem,
1161 500 1221 539 in-

95 571 250 611 dicatur
289 570 448 622 vaporis
475 569 538 609 vis
565 568 747 609 elastica
775 568 853 608 five
881 566 1019 622 tensto.

154 639 362 693 Vaporum
389 639 450 678 vis
479 638 643 679 elastica
660 668 673 687 ,
705 651 806 691 quae
830 650 911 677 non
928 639 986 678 uti
1016 650 1089 692 gaz
1109 651 1220 691 pres-

95 708 202 749 fione
225 720 420 763 augetur,
465 720 556 748 cum
587 707 681 748 dato
711 709 840 762 spatio
868 720 951 748 non
984 708 1054 748 nisi
1091 707 1220 748 deter-

93 781 239 827 minata
278 780 496 832 quantitate
536 776 670 818 adesse
705 778 890 833 -possmt,
936 777 1071 818 calore
1097 779 1222 818 etiam

91 862 174 890 non
202 849 344 889 eodem
372 848 495 889 modo
525 861 572 889 ac
599 860 672 903 gaz
689 877 701 898 ,
747 848 876 902 spatio
904 847 1104 896 saturato,
1149 861 1217 888 au-

90 931 220 974 getur.
279 917 494 971 Vaporum.
529 929 653 970 aquae
695 930 735 957 v.
779 930 816 958 c.
854 919 959 958 vires
998 917 1215 967 elasticae,

92 987 353 1042 temperatura
373 1000 496 1040 aquae
522 985 753 1026 ebullientis
780 998 822 1027 et
843 988 1108 1040 temperatura
1129 986 1216 1042 gla-

89 1058 167 1098 ciei
219 1057 422 1098 fundentis
461 1055 551 1097 sunt
590 1070 650 1093 z:
699 1068 803 1110 150:
827 1069 876 1107 1,
915 1069 988 1112 gaz
1015 1058 1214 1099 ficcorum

87 1133 219 1167 autem
262 1140 318 1162 =
363 1137 581 1180 1,375:1;
626 1121 754 1179 spatio
796 1126 969 1166 saturato
1011 1126 1212 1176 dicimus,

88 1198 278 1251 quoniam
306 1197 332 1238 fi
361 1195 525 1236 fluidum
545 1207 629 1235 non
657 1196 795 1246 adest,
839 1209 922 1250 quo
959 1196 1105 1237 horum
1145 1209 1214 1237 va-

87 1279 232 1319 porum
255 1278 360 1306 nova
389 1266 485 1306 oriri
512 1276 649 1320 potest
675 1266 873 1318 quantitas
889 1295 902 1316 ,
947 1279 1088 1307 eorum
1115 1266 1214 1308 dila-

89 1337 188 1376 tatio
211 1348 251 1376 et
278 1337 336 1376 vis
359 1334 524 1376 elastica
566 1335 709 1376 eodem
740 1336 864 1376 modo
895 1337 1124 1390 procedunt
1163 1331 1217 1377 ac'

86 1418 160 1459 gaz
204 1406 520 1460 permanentium
552 1402 663 1457 (1);
709 1405 782 1446 hac
826 1418 959 1446 autem
993 1406 1042 1447 de
1074 1419 1119 1447 re
1148 1406 1211 1448 su—

85 1466 233 1528 pererit
274 1476 415 1530 agendi
444 1474 590 1524 locus,
633 1474 703 1515 ubi
743 1475 792 1515 de
822 1476 986 1517 miscela
1014 1489 1210 1530 vaporum

82 1556 126 1584 et
155 1557 228 1597 gaz
255 1545 559 1598 disputabimus.

80 1667 83 1670 ‚
143 1613 201 1654 Ut
234 1614 512 1654 determinaret
547 1612 615 1654 CL
657 1613 876 1656 Dalton
903 1629 1099 1671 vaporum
1126 1618 1209 1658 vim

83 1683 317 1733 elasticam,
360 1685 518 1725 diverfis
562 1688 865 1738 temperaturis,
911 1688 1052 1728 eodem
1087 1701 1209 1741 appa-

84 1764 169 1792 ratu
197 1753 288 1794 usus
318 1765 405 1802 est,
436 1753 517 1794 alio
547 1754 647 1794 tubo
675 1755 953 1804 circumdato,
985 1767 1029 1796 ut
1058 1755 1110 1796 fic
1125 1768 1205 1808 ope

83 1818 248 1871 liquidi,
280 1822 381 1861 iuter
409 1822 482 1861 hos
510 1823 629 1862 tubos
666 1827 876 1874 contenti,
921 1825 1077 1878 liquido
1116 1838 1207 1865 eva-

83 1889 265 1940 porando
295 1901 598 1943 temperaturam
626 1894 799 1933 tribuere
826 1894 985 1947 posset,
1016 1907 1095 1947 qua
1119 1895 1205 1949 ejus

83 1959 164 1998 vim
191 1959 394 2000 elasticam
423 1960 632 2002 observare
658 1962 793 2003 vellet.
854 1963 948 2005 Hoc
976 1976 1107 2004 autem
1135 1977 1205 2017 ap·

1136 2047 1206 2086 Pst-

128 2116 190 2162 (ι)
212 2119 287 2154 Vid.
312 2121 338 2153 B
355 2121 362 2153 i
380 2130 453 2161 ot,
491 2123 599 2155 Tmite
631 2123 764 2164 gem-al
788 2123 884 2157 Tom.
914 2124 940 2157 Ι.
968 2133 1040 2166 pag.
1071 2125 1145 2167 189.
1169 2132 1204 2157 et

82 2174 116 2209 N
132 2185 150 2208 e
165 2185 185 2209 u
202 2184 233 2208 m
248 2185 264 2208 a
277 2186 297 2209 n
313 2201 323 2217 ,
346 2177 509 2212 Lestrbuclt
531 2180 589 2212 der
614 2178 717 2225 Phffik
738 2179 833 2214 Tom.
857 2181 900 2215 11.
926 2190 1001 2224 pag.
1032 2181 1094 2215 160
