1519 2729
687 151 939 209 (138)

296 287 544 344 Principium
573 300 703 331 autem
735 289 836 332 illud
877 289 1083 333 subfistere
1126 286 1262 328 asserit
1287 288 1362 329 eti·

237 370 301 399 am
344 360 446 400 inter
487 360 698 409 homines,
747 362 815 413 qui
859 361 974 402 nullo
1003 359 1202 401 societatis
1231 357 1363 399 civilis

238 429 404 472 vinculo
427 440 638 480 tenentur,
687 432 837 483 quique
869 431 910 470 in
952 442 1048 470 vero
1075 439 1235 468 naturae
1265 426 1363 467 statu

238 499 401 554 degunt.
475 499 719 554 Quaeritur,
771 500 973 553 quodnam
1003 499 1126 554 igitur
1152 497 1196 537 fit
1223 495 1363 537 funda-

238 581 417 610 mentum
433 569 673 618 dicendum,
704 582 790 622 quo
815 568 992 622 judicem
1010 598 1023 617 ‚
1055 567 1152 618 quid
1167 566 1216 606 ab
1233 565 1364 606 altero

237 640 399 694 exigere
426 641 571 691 posfim
598 640 716 677 etiam
746 649 817 689 per
845 639 924 677 vim
942 665 954 685 ‚
987 638 1134 676 intacta
1162 637 1365 687 aequitate

239 706 321 761 (ex
344 708 475 762 jure)
498 706 699 748 naturali?
732 705 840 747 Huic
869 706 1098 758 quaestioni
1127 704 1182 743 ita
1196 704 1380 757 respon-¹

237 777 329 818 det:
367 777 431 818 1⁰.
463 777 573 830 quod
601 777 649 816 ab
677 775 806 817 altero
836 787 960 828 peto,
1007 786 1069 814 res
1098 772 1218 813 debet
1245 771 1362 823 esse,

235 850 304 890 cui
341 848 575 888 renunciare
612 858 693 886 non
737 845 928 899 possum,
974 845 1044 886 nisi
1082 841 1274 897 neglecto
1310 854 1363 884 eo

237 917 350 972 quod
389 917 487 958 mihi
527 916 705 957 officium
750 927 811 956 est
851 914 1041 956 naturale.
1131 914 1200 954 2⁰.
1231 910 1366 953 Alteri

236 989 385 1041 pariter
414 987 592 1029 officium
621 985 703 1026 esse
734 986 880 1037 debet,
913 985 1012 1027 mihi
1039 995 1140 1038 quae
1161 993 1260 1036 peto
1281 993 1366 1023 non

235 1070 396 1113 negare.
1030 1070 1034 1073 *
1186 1082 1199 1102 s

292 1127 517 1169 Concludit
542 1128 675 1180 itaque
693 1126 718 1167 S
736 1141 762 1168 u
779 1126 792 1167 l
807 1139 830 1167 z
845 1139 866 1166 e
883 1138 942 1167 ru
960 1138 1002 1166 s:
1035 1124 1156 1166 debet
1186 1121 1366 1164 officium

234 1198 462 1251 perfectum
507 1198 661 1250 semper
703 1197 787 1237 esse
830 1195 935 1243 tale,
981 1194 1091 1247 quod
1133 1192 1203 1233 ille
1230 1192 1300 1245 qui
1324 1190 1368 1231 id
1412 1179 1414 1181 ¹

233 1267 397 1320 exigere
424 1265 538 1314 vult,
570 1265 791 1320 dijudicare
822 1274 862 1303 et
890 1263 990 1303 scire
1019 1273 1184 1315 potest,
1227 1260 1367 1301 haberi

234 1335 276 1374 in
301 1335 437 1385 iilius,
468 1349 490 1376 a
517 1349 600 1389 quo
627 1335 668 1376 id
695 1334 901 1387 exigitur,
935 1332 1076 1373 officiis
1105 1329 1367 1372 naturalibus.
1424 1340 1428 1341 ⁷

235 1402 455 1452 Ceterum,
487 1418 551 1444 me
579 1405 743 1458 quidem
772 1403 936 1456 judice,
969 1401 1148 1442 constare
1182 1400 1368 1449 videtur,

236 1472 571 1522 Sulzerum,
624 1473 770 1513 Virum
812 1470 960 1512 Celeb.
1000 1470 1117 1510 talem
1157 1471 1260 1509 inter
1305 1467 1369 1508 of-

235 1544 330 1584 ficia
387 1543 567 1596 perfecta
620 1554 661 1583 et
704 1541 942 1595 imperfeeta
998 1539 1247 1580 constituisse
1289 1537 1369 1578 dis-

235 1614 414 1653 criminis
435 1625 594 1661 nmam,
626 1625 707 1665 quar
731 1612 781 1652 ad
810 1611 973 1652 alterius
1000 1611 1064 1663 jus
1088 1609 1259 1650 refertur
1286 1608 1369 1649 offi-

235 1683 343 1723 cium
371 1682 597 1734 perfectum
624 1692 664 1720 et
706 1681 788 1721 hoc
819 1692 870 1720 ex
895 1678 972 1720 illo
1007 1679 1220 1719 derivatur.
1281 1675 1368 1716 Ubi

235 1753 343 1793 enim
385 1753 434 1792 ab
473 1765 549 1793 una
591 1763 703 1805 parte
731 1750 794 1803 jus
827 1761 913 1799 est,
959 1749 1015 1789 ibi
1054 1759 1208 1788 certum
1240 1755 1301 1785 est
1326 1755 1368 1784 et

235 1821 396 1862 evidens
439 1822 488 1862 ab
529 1820 650 1861 altera
693 1830 808 1873 parte
850 1807 1124 1874 praestandu‘m
1165 1815 1365 1864 officium,
1412 1822 1416 1826 ’

236 1892 314 1932 fine
340 1901 423 1946 quo
449 1891 513 1945 jus
540 1888 695 1932 nullum
722 1889 839 1930 esset.

1259 2163 1281 2218 5
1312 2162 1366 2204 Π.
