1519 2729
711 143 908 207 (8)

220 276 354 339 fugin
396 279 449 327 A·
479 286 531 329 Ἀ.
559 295 808 344 quantopere
840 291 1045 344 principes
1086 299 1228 332 eorum
1270 284 1346 332 viri

219 374 311 407 toto
340 370 527 423 corporis
557 370 697 412 habitu
730 384 952 428 magnaque
995 387 1169 427 pompae
1212 384 1348 414 osten-

219 450 372 491 tatione
402 451 592 493 summam
623 454 681 495 sui
709 454 880 510 suaeque
916 458 1048 511 gentis
1082 456 1349 497 existimatio-

216 542 310 573 nem
341 534 507 588 injicere
534 537 748 597 cupiant,
766 538 940 579 feminae
968 551 1099 580 autem
1145 536 1351 591 splendida

215 615 358 656 mundi
376 669 380 673 ἱ
397 616 455 658 sui
483 617 617 671 specie
643 630 683 660 et
714 621 886 674 quacfita
913 620 1033 662 luxus
1058 620 1235 676 gloriola
1275 620 1351 660 ob·

215 694 429 758 leetentur.
502 700 648 743 Nostis
693 715 858 756 quoque
901 703 1170 743 Orientalium
1215 703 1352 755 super·

216 776 355 829 biam,
396 781 630 834 jactantiam
659 795 700 824 et
735 787 1005 839 arrogantiam
1047 787 1115 827 'vix
1136 834 1140 838 1
1161 783 1354 825 tolerabi-

214 859 327 910 lem,
371 863 554 916 profusas
599 880 696 920 quas
734 867 911 921 poscunt
947 881 994 909 ac
1031 867 1193 908 serviles
1219 866 1355 908 adula-

217 943 378 996 tiones,
410 957 450 986 et
478 947 727 1002 multiplices
755 950 927 1004 denique
945 981 957 999 ‚
989 950 1158 991 absurde
1188 962 1355 992 coacer-

215 1037 332 1068 vatos
355 1038 400 1068 ,et
427 1029 477 1070 ad
505 1030 688 1072 nauseam
716 1046 843 1087 usque
879 1046 1143 1088 exaggeratos
1182 1033 1356 1087 dignita-

216 1109 270 1149 tis
318 1110 490 1162 titulos,
534 1114 682 1166 quibus
723 1128 838 1170 reges
881 1116 1115 1169 praesertim
1168 1115 1241 1156 fibi
1282 1115 1355 1168 ipsi

215 1189 477 1234 blandiuntur
505 1206 546 1234 et
580 1196 755 1237 divinam
783 1197 869 1237 fere
891 1198 1093 1238 assumunt
1128 1199 1355 1238 veneratio-

215 1285 322 1313 nem.
395 1275 534 1329 Atque
580 1276 660 1319 hoc
691 1279 986 1333 perpendentes
1018 1281 1210 1320 veremini
1241 1280 1356 1322 forfi-

216 1366 313 1406 mn,
358 1369 408 1397 ne
449 1370 532 1399 non
575 1358 665 1400 satis
688 1373 814 1416 grave
843 1363 886 1404 fit
915 1364 1111 1405 orationis
1141 1375 1355 1419 argumen-

217 1448 333 1489 tum,
379 1442 492 1494 quod
525 1443 566 1482 in
610 1443 777 1484 honoris
820 1446 925 1485 inani
971 1445 1183 1487 fimulacro
1210 1447 1355 1486 vestris

218 1521 352 1563 oculis
380 1524 620 1579 objiciendo
647 1527 837 1568 versetur.
869 1556 915 1564 -
944 1527 1001 1568 At
1029 1541 1126 1568 vero
1166 1528 1214 1568 de
1253 1528 1348 1568 Ori·
1388 1536 1392 1542 ⁴

216 1604 420 1648 entalibus
453 1607 524 1648 ubi
551 1608 730 1662 loquor,
769 1623 852 1650 non
884 1624 1025 1651 omnes
1061 1611 1249 1666 intelligo
1279 1625 1356 1665 po-

216 1687 366 1740 pulos,
411 1691 481 1742 qui
522 1692 641 1731 nimis
682 1705 782 1747 vaga
831 1693 1121 1734 consuetudine
1158 1708 1180 1735 a
1219 1694 1356 1735 multis

218 1769 300 1811 hoc
324 1773 489 1812 nomine
518 1773 738 1824 dicuntur,
784 1786 824 1815 et
865 1789 1040 1830 quorum
1066 1776 1133 1816 alii
1162 1778 1202 1817 in
1233 1777 1354 1827 Afia,

214 1851 284 1893 alii
334 1855 375 1895 in
433 1855 575 1897 Africa
619 1856 873 1907 habitantes,
933 1860 987 1900 ob
1044 1859 1356 1901 immoderatum

219 1936 485 1991 ineptumque
530 1938 699 1980 honoris
737 1940 908 1982 studium
947 1942 1027 1983 risu
1071 1944 1197 1997 magis
1233 1955 1355 1997 quam

218 2017 317 2058 seria
360 2024 751 2063 commemoratione
800 2024 911 2079 digni
954 2025 1176 2065 videantur.
1266 2024 1354 2066 Eos

218 2098 578 2156 intelligo'solos,
610 2119 714 2158 quos
738 2105 968 2147 Orientales
996 2109 1115 2148 unice
1146 2105 1353 2162 appellare

217 2180 316 2230 licet
333 2213 346 2236 ,
377 2187 531 2241 quique
559 2200 652 2230 cum
680 2200 730 2231 ex
758 2191 966 2232 communi
1005 2191 1176 2245 quadam
1215 2192 1351 2246 prosa—

1285 2276 1353 2329 pia
