1519 2729
689 154 915 212 (το)

253 293 502 336 functionem
519 322 532 344 ‚
584 291 804 335 'utilitatem
854 304 957 336 caet.
975 323 987 344 ‚
1043 302 1085 334 et
1123 289 1381 338 adiumenta,

251 363 399 418 quibus
429 364 528 405 haec
558 365 690 405 omnia
706 365 960 415 efficiuntur,
991 365 1031 404 in
1049 362 1199 404 mundo
1215 371 1295 402 tam
1309 357 1380 399 ad·

252 433 464 487 spectabili
495 446 614 488 quam
641 433 919 489 intelligibili;
965 433 1064 475 haec
1092 432 1226 473 omnia
1251 428 1301 470 ad
1323 426 1379 483 fi·

251 518 321 546 nes
344 505 625 560 agnoscendos
646 517 720 545 nos
741 505 894 547 ducunt
908 535 922 553 ‚
952 504 1050 545 fines
1067 514 1163 543 vero
1180 502 1258 543 fine
1277 509 1379 540 con·

250 574 346 617 filiis
371 575 702 616 antecedentibus
716 586 798 615 non
822 573 987 615 dantur:
1012 583 1228 625 utrumque
1243 579 1376 610 autem

247 644 299 685 de
315 644 423 686 Ente
447 644 715 699 intelligentia
734 643 919 697 praedito
948 653 1128 683 testatur.
1168 640 1277 681 Cum
1307 638 1376 680 de·

246 714 339 755 inde
364 714 591 754 adiumenta
616 713 850 768 indagemus
865 744 878 764 ,
909 725 1010 765 quae
1039 711 1225 765 proxime
1250 708 1302 750 ad
1328 708 1376 749 fi-

244 797 316 824 nes
340 782 436 824 illos
458 783 630 832 ducunt,
662 795 708 824 ea
737 785 892 838 optima
915 791 1229 836 opportuneque
1243 777 1376 819 electa

243 865 364 907 atque
391 852 571 894 adhibita
598 853 809 904 videnum
852 867 902 895 ex
925 853 1074 907 quibus
1107 850 1241 905 igitur·
1271 848 1374 901 sapi·

241 925 387 964 entiam
415 925 621 973 auctoris,
652 925 722 978 qui
749 937 795 965 ea
815 923 966 979 elegit,
996 921 1204 963 efficimus.
1263 918 1374 960 Cum

243 991 418 1045 denique
444 993 704 1034 observemus
731 993 857 1043 fines,
895 994 965 1047 qui
994 992 1044 1033 ad
1070 990 1297 1043 superiores
1325 987 1373 1029 fi·-

242 1073 314 1102 nes
338 1062 515 1112 ducant,
560 1074 604 1103 ut
627 1073 667 1103 et
696 1064 904 1105 vinculum
933 1062 1034 1104 fines
1061 1063 1165 1102 inter
1189 1070 1230 1100 et
1259 1057 1372 1099 adiu·

241 1143 376 1172 menta
389 1161 402 1180 ‚
433 1145 479 1173 ac
494 1132 649 1173 tandem
663 1133 714 1174 ad
728 1133 846 1174 finem
864 1118 1143 1187 perveniamus
1156 1128 1343 1171 ultimum
1355 1157 1369 1176 ‚

230 1199 470 1257 fitmmum,
501 1202 614 1255 quod
627 1204 798 1258 cogitari
812 1213 971 1256 potest,
1002 1201 1176 1250 bonurn,-
1194 1199 1289 1240 hinc
1301 1210 1372 1238 na—

240 1281 397 1319 turam,
428 1270 591 1312 summis
619 1273 835 1314 virtutibus
864 1271 1112 1326 praeditam,
1149 1267 1371 1324 agnoscen-

241 1340 332 1381 dam
364 1340 448 1381 esse
474 1353 674 1395 putamus.
735 1342 849 1384 Haec
866 1342 982 1384 Parte
1001 1342 1132 1395 prima
1154 1351 1371 1393 exponam.

313 1409 440 1452 Multi
457 1412 647 1464 quidem,
678 1426 760 1454 non
789 1425 867 1454 una
895 1413 944 1453 de
971 1411 1115 1461 causa,
1144 1409 1210 1451 vel
1238 1411 1371 1450 mino-

241 1492 354 1530 rem,
398 1494 518 1534 quam
557 1483 703 1533 decet,
749 1481 815 1524 vel
855 1481 1006 1539 nullam
1042 1482 1241 1530 omnino,
1272 1481 1369 1521 huic

238 1563 478 1606 argumento
517 1553 630 1601 vim,
667 1553 717 1594 ad
745 1553 994 1607 probandam
1039 1551 1123 1593 Dei
1159 1551 1369 1594 existenti-

238 1632 301 1661 am
319 1651 331 1671 ,
377 1621 504 1662 inesse
533 1622 605 1662 fibi
633 1623 883 1675 persuadent.
943 1621 1010 1662 De
1051 1622 1112 1663 his
1140 1622 1369 1675 horumque

236 1694 482 1746 argumentis
499 1722 512 1742 ,
567 1691 685 1734 Parte
762 1693 1131 1734 Commentationis
1195 1691 1370 1734 secunda

238 1762 468 1815 disputandi
494 1763 571 1803 erit
600 1765 898 1818 opportunitas.

291 1832 401 1874 Cum
439 1834 640 1891 denique,
683 1834 722 1874 in
750 1834 831 1875 hoc
861 1845 1100 1890 argumento
1133 1829 1367 1874 adhibendo

235 1913 278 1942 et
303 1903 510 1944 tractando
527 1933 540 1952 ‚
570 1903 765 1945 nonnulla
794 1904 868 1945 fint
902 1904 1174 1955 observanda,
1207 1902 1364 1944 tertiam

236 1970 527 2026 Rcfponfionis
578 1985 731 2027 partem
790 1976 903 2017 hisce
957 1971 1365 2016 animadversionibus

235 2042 445 2084 destinasse
472 2043 630 2086 videtur
658 2046 863 2100 quaestio,
906 2046 956 2087 ab
985 2045 1141 2087 Ordine
1178 2040 1364 2085 Theolo-

233 2112 330 2167 gico
356 2116 576 2168 proposita.

731 2195 862 2211 Μ

1217 2241 1360 2285 PARS
