1519 2729
680 150 905 215 ¹<163

259 309 515 352 quacumque
557 298 805 353 ignominiae
850 293 1095 350 turpitudine
1148 305 1231 335 non
1268 294 1382 337 lucu·-

261 379 394 421 lenter
423 381 523 422 tueri
566 394 613 422 ac
655 368 901 421 vindicare.-

316 462 487 504 Saevum
516 475 615 504 vero
644 474 685 503 et
713 474 922 504 cruentum
952 461 1083 502 hocce
1105 460 1273 501 studium
1289 471 1383 501 cum

255 556 378 586 nemo
405 556 579 587 vestrum
608 545 783 599 probare
812 544 967 599 posfit‚
1011 543 1063 584 A.
1091 543 1143 584 A.
1169 553 1381 596 quantum-

252 628 315 668 vis
341 639 468 681 aeque
495 627 542 669 de
571 627 774 669 Arabibus
801 627 982 682 judicet:
1015 625 1254 680 perpendite
1282 638 1382 666 con-

253 720 341 759 tra,
387 710 485 766 quid
523 710 630 763 apud
671 709 834 751 eosdem
864 708 1199 770 effecerit-laudis
1239 720 1382 757 amor,

252 790 325 831 ubi
369 792 471 833 hanc
508 793 549 832 in
590 805 640 833 eo
671 792 943 846 quaerebant,
989 793 1030 832 in
1060 803 1143 844 quo
1169 791 1384 831 maximam

251 873 447 914 humanae
477 876 622 924 mensis
649 888 695 916 ac
725 863 899 916 divinam
940 874 1024 915 fere
1056 875 1139 913 vim
1179 872 1251 912 fibi
1295 884 1383 912 cer-

251 968 348 996 nere
376 956 643 1007 videbantur3
684 968 723 997 et
754 970 912 998 mecum
942 969 1014 997 eos
1042 956 1268 1003 miramini,
1311 953 1383 994 tali
1439 986 1445 988 a

250 1037 382 1079 studio
427 1039 601 1088 ductos,
648 1039 757 1092 quali
814 1038 915 1079 nihil
960 1038 1044 1079 esse
1087 1037 1381 1086 excellentius,

252 1132 394 1160 omnes
417 1133 499 1161 uno
530 1133 628 1170 ore,
662 1121 808 1174 spero,
842 1122 1115 1162 consentietis.
1193 1119 1383 1160 Summos

248 1201 362 1255 poesi
391 1201 552 1242 habitos
579 1202 757 1242 honores
784 1216 805 1242 a
826 1215 889 1242 me
915 1202 1127 1256 fignificari
1144 1232 1157 1251 ,
1189 1203 1260 1254 ipfi
1279 1199 1385 1242 haud

246 1283 461 1325 difficulter
487 1283 732 1337 perspicitis.
793 1283 839 1324 In
884 1284 1003 1338 hujus
1047 1285 1172 1338 igitur
1210 1283 1383 1324 nobilis-

247 1364 364 1405 fimae
401 1368 495 1406 artis
538 1366 650 1407 cultu
694 1376 847 1407 tantum
887 1366 1009 1408 decus
1049 1356 1224 1420 positum
1266 1366 1380 1417 esse,

247 1447 406 1501 semper
459 1449 690 1503 judicarunt
746 1449 902 1490 Arabes
937 1450 1119 1490 universe
1135 1450 1151 1499 ‚'
1194 1460 1238 1490 ut
1275 1448 1383 1490 haud

244 1529 398 1580 sciam,
445 1543 494 1571 an
543 1544 594 1572 ne
627 1532 699 1585 ipfi
739 1532 903 1586 quidem
946 1532 1095 1574 Graeci
1125 1544 1176 1572 eo
1214 1533 1382 1573 nomine

245 1613 542 1666 comparabiles
583 1626 772 1667 umquam
817 1614 981 1655 fuerint.
1038 1614 1127 1669 Jam
1156 1616 1381 1668 antiquitus

244 1696 383 1744 enim,
416 1697 442 1736 fi
468 1697 559 1749 quis
587 1697 627 1736 in
656 1696 790 1750 aliqua
819 1697 926 1738 tribu
956 1696 1242 1738 inclaresceret
1276 1699 1379 1758 po}-

243 1787 312 1826 ta‚
344 1779 380 1818 ei
419 1778 522 1819 hanc
553 1777 725 1833 gloriam
753 1778 855 1820 aliae
897 1781 1081 1820 certatim
1122 1779 1378 1836 gratulaban-

245 1869 324 1899 tur.
355 1859 480 1912 Apud
510 1860 691 1901 eamdem
719 1860 845 1902 laetae
873 1861 1184 1903 celebrabantur
1205 1862 1376 1917 epulae:

230 1952 366 1993 atque
396 1942 479 1995 ipsa
510 1953 661 1983 tantum
690 1944 948 1996 praedicabat
983 1944 1135 1993 decus,
1181 1956 1374 1998 quantum

246 2034 296 2062 ne
324 2022 585 2065 illustrissima
615 2025 777 2079 quidem
810 2026 944 2067 herois
986 2026 1125 2066 bellici
1168 2026 1273 2068 fama
1309 2040 1374 2068 ae-

245 2117 398 2158 quare,
454 2105 601 2147 nedum
657 2107 847 2160 superare
897 2109 1135 2148 censeretur.
1225 2109 1373 2165 Quid?

243 2187 356 2242 quod
383 2187 596 2244 publicum
622 2200 705 2230 erat
730 2189 838 2243 apud
875 2191 1032 2244 priscos
1067 2191 1223 2233 Arabes
1263 2192 1375 2234 insti-

1306 2286 1371 2319 tu..
