1519 2729
691 165 918 224 (28)

652 256 879 359 >§le

237 446 517 490 Idololatriae
554 443 739 501 studium
780 446 824 486 in
879 441 1248 487 Patri-archarum
1270 443 1370 497 jam

288 515 482 572 familia
502 512 794 570 conspicuum,
839 515 979 570 magis
1011 514 1229 568 magisque
1267 513 1315 555 i'n

353 586 543 641 Aegypz‘o
584 584 797 635 increvit,
843 594 885 625 et
906 593 1003 638 post
1030 585 1161 638 legem
1191 583 1257 624 la-

411 665 501 697 tam
534 654 792 696 Sinamcam
814 654 859 695 in
889 651 1047 708 deserto
1069 653 1202 695 etiam

553 724 639 765 vim
660 718 788 778 suam
819 720 1024 777 exskruit.

298 865 621 907 memoravimus
646 865 726 919 jam
743 894 756 915 ‚
784 865 930 919 jacobi
960 876 1129 906 uxorem
1159 862 1283 911 furto¹
1301 861 1374 903 ab·

242 934 395 975 stulisse
426 937 551 988 patris
582 934 639 975 sui
669 946 847 988 penates.
909 934 1035 975 Erant
1062 934 1168 973 enim
1197 933 1278 986 jam
1295 921 1376 971 ma-

244 1015 332 1044 ture
359 1007 400 1045 in
429 1004 742 1057 patriarcharum
770 1004 951 1055 familia,
995 1005 1064 1057 qui
1105 1015 1127 1043 e
1172 1000 1379 1043 Chaldaea

239 1074 428 1124 oriundi,
453 1075 606 1115 alienae
648 1073 965 1126 superstitionis,
1009 1072 1264 1127 perverfique
1289 1069 1377 1125 cul-

244 1153 309 1187 tus
340 1145 585 1198 contagione
627 1143 901 1184 inficerentur.
989 1141 1258 1184 Manifestum
1294 1141 1379 1181 hoc

244 1224 309 1254 est
347 1226 368 1252 e
413 1213 518 1254 Gen.
552 1211 728 1253 XXXV:
762 1227 813 1263 2,
846 1226 901 1265 4,
945 1213 1018 1254 ubi
1049 1212 1123 1253 Dii
1154 1223 1380 1255 memoran-
1443 1201 1453 1214 ⁸

242 1294 314 1324 vtur
338 1284 570 1337 peregrini,
601 1294 642 1323 et
671 1284 779 1323 aurei
794 1283 954 1332 annuli,
986 1284 1063 1324 ssve
1083 1281 1257 1323 amuleta
1274 1278 1380 1334 (a),

245 1354 288 1393 in
317 1353 464 1405 quibus
492 1354 575 1393 vim
611 1351 737 1392 inesse
768 1354 1003 1408 judicabant
1040 1352 1143 1393 mala
1181 1351 1380 1406 quaedam

247 1422 550 1464 averruncandi.
638 1421 816 1463 Hebraei
855 1425 991 1476 itaque
1043 1422 1181 1464 indole
1226 1421 1293 1463 sua
1333 1419 1384 1460 ad

249 1493 420 1534 alienam
448 1492 767 1546 superstitionem
797 1493 1014 1546 propensi,
1060 1491 1224 1535 facilius
1262 1492 1383 1532 etiam

250 1564 291 1603 in
320 1561 516 1617 Aegypto
541 1561 591 1602 ad
620 1574 705 1602 eam
736 1561 868 1602 delabi
897 1573 1099 1615 poterant.

307 1631 474 1686 Etenim
505 1631 679 1673 Hebraei
706 1633 746 1672 in
782 1632 978 1687 Aegypto
1018 1633 1272 1674 nomadicam
1308 1632 1385 1672 eti-

248 1715 422 1742 amnunc
448 1703 553 1742 vitae
591 1703 788 1742 rationem
826 1702 1014 1757 agebant.
1074 1702 1271 1758 Aegyptii
1303 1702 1388 1756 jam

249 1772 305 1812 ad
345 1771 504 1812 stabiles
541 1771 651 1812 sedes
701 1784 991 1825 pervenerant,
1042 1773 1198 1814 summo
1254 1771 1385 1813 studio

255 1840 523 1896 agriculturae
547 1853 712 1895 operam
734 1840 877 1887 *dantes
908 1839 1000 1895 (b).
1076 1842 1143 1883 Illi
1174 1842 1388 1896 fimplicis-

1253 1930 1259 1937 ..
1341 1911 1387 1952 fi-

301 2035 365 2082 (a)
402 2037 488 2070 Coll.
535 2045 596 2069 vau
638 2034 700 2069 der
728 2037 844 2080 Palm,
883 2038 926 2072 ad
957 2038 989 2072 h.
1014 2039 1035 2071 Ι.
1063 2036 1284 2078 Warnekros,
1312 2036 1331 2068 1.
1364 2034 1386 2068 l.

260 2104 334 2136 pag·
358 2104 432 2137 494-

305 2149 367 2194 (b)
392 2150 491 2184 Couf.
510 2151 552 2184 de
577 2151 751 2193 Aegyptiis
780 2150 948 2193 imprimis.
973 2149 1110 2184 Heeren
1127 2174 1138 2189 ,
1169 2150 1189 2182 1.
1213 2150 1232 2182 1.
1266 2150 1299 2184 II
1324 2149 1386 2183 Th-

258 2209 291 2244 11
333 2207 431 2242 Abin
480 2216 515 2240 et
552 2206 594 2241 <le
628 2208 860 2242 Hebraeorum
910 2208 943 2241 in
998 2207 1156 2250 Aegypto
1198 2207 1390 2240 conditione

598 2277 600 2279 >
1287 2261 1392 2303 Hess‚
