1519 2729
601 155 802 215 (s)

134 294 295 352 pollet,
339 295 506 337 rationis
550 295 622 339 usu
675 292 877 351 proxime
920 295 1142 353 conjuncta
1192 306 1268 340 εει.

133 379 392 435 Quamquam
421 379 592 432 multum
620 379 734 421 abest
763 378 985 435 profecto,
1030 391 1074 422 ut
1114 382 1273 422 ratione

134 461 293 516 semper·
333 473 495 517 regatur
525 463 698 505 eximius
723 462 822 514 ille,
867 476 987 518 quem
1027 475 1167 505 natura
1195 474 1272 503 no-

133 543 198 586 bis
233 545 374 595 dedit,
419 544 624 599 appetitus
677 545 861 587 honoris.
951 544 1044 588 Nec
1097 543 1274 587 diffiteor

130 628 270 677 enim,
300 627 386 668 esse
412 641 532 682 quam
556 627 784 683 plurimos,
823 630 894 683 qui
924 630 1056 670 inania
1096 640 1139 669 et
1174 627 1274 669 falsa

131 709 287 766 gloriae
317 710 591 753 blandimenta
619 693 736 754 verae
770 713 982 768 justaeque
1018 721 1276 766 anteponunt

117 794 436 835 existimationi.
497 794 630 836 Immo
662 796 924 837 vehementer
961 794 1135 849 deploro
1177 794 1274 835 hor-

131 875 255 916 renda
281 887 322 916 et
351 877 449 917 vitia
475 888 516 918 et
546 877 679 929 mala,
711 891 814 932 quae
850 879 1011 933 peperit
1038 878 1274 932 cujuscum-

131 970 212 1012 que
241 958 401 999 tandem
429 958 559 1000 famae
588 960 896 1015 consequendae
937 958 1058 1002 ardor
1099 959 1275 1001 insanus.

130 1039 189 1081 At
214 1040 399 1082 homines
424 1052 556 1083 tamen
582 1042 780 1099 fingamus
808 1044 858 1084 ab
887 1043 979 1098 ipso
1009 1044 1178 1092 honoris
1203 1056 1276 1096 ap-

84 1124 265 1176 petitu
305 1136 482 1166 vacuos:
530 1138 650 1180 quam
682 1126 823 1182 segnes
857 1126 984 1168 futuri
1023 1126 1153 1167 essent
1187 1125 1276 1180 ple-

129 1218 333 1260 rumque,
378 1221 499 1262 quam
540 1209 718 1261 inertes,
764 1223 885 1264 quam
924 1209 1108 1264 torpidi,
1151 1221 1273 1263 quam

130 1300 275 1343 parum
319 1290 369 1330 ad
407 1291 529 1332 ardua
561 1304 745 1345 quaeque
775 1303 816 1332 et
842 1291 1050 1345 praeclara
1077 1290 1275 1346 generose

109 1371 323 1413 :tentanda
349 1384 390 1414 et
417 1372 605 1415 alacriter
633 1373 911 1429 persequenda
939 1374 1105 1416 idonei!
1137 1373 1276 1429 Quam

130 1452 320 1509 languida
349 1455 464 1497 foret
484 1458 589 1498 ratio
620 1456 822 1509 humana,
861 1458 1119 1512 quantumvis
1151 1457 1277 1499 officii

108 1538 323 1588 conscia,
383 1539 454 1581 nifi
522 1538 686 1581 stimulo
743 1540 1023 1595 impelleretur
1078 1541 1276 1582 honoris!

108 1619 269 1676 ·Quam
298 1620 473 1675 denique
500 1622 550 1663 ab
582 1635 660 1673 eo,
693 1623 807 1678 quod
832 1623 1015 1673 bonum,
1048 1623 1276 1674 decorum,

133 1703 433 1758 honestumque
480 1716 567 1756 est,
613 1705 769 1747 alienos
808 1705 846 1746 se
889 1706 1158 1748 demonstrare
1210 1706 1276 1747 so-

111 1784 249 1835 ·lent‚
296 1789 545 1842 quicumque
587 1780 760 1835 aliorum
787 1789 942 1844 judicia
984 1802 1068 1831 non
1100 1800 1273 1839 curant,

110 1867 203 1909 ,sed
226 1880 492 1911 contemnunt
521 1871 858 1926 despiciuntque!
920 1872 1139 1914 Trahimur
1181 1885 1271 1913 om·

133 1962 206 1991 nes
234 1951 362 1992 laudis
392 1951 551 2004 studio,
583 1965 624 1994 et
662 1956 843 2009 optimus
887 1957 1060 2009 quisque
1099 1957 1277 1997 maxime

135 2033 267 2089 gloria
298 2034 485 2085 ducitur,
531 2047 576 2077 ut
617 2038 672 2077 ait
716 2036 963 2079 TULLmst³
980 2049 1101 2092 atque
1143 2039 1272 2088 haec,

109 2117 280 2159 eodem
311 2107 505 2171 auctore,
537 2130 621 2160 erat
649 2119 942 2174 plerorumque
970 2132 1153 2163 veterum
1180 2122 1274 2174 phi-

136 2199 407 2256 losophorum
440 2201 650 2255 doctrina,
696 2217 776 2260 qua
804 2204 1023 2248 honestum
1054 2204 1274 2248 id‘intelli-

1202 2299 1273 2344 ge·
