1519 2729
517 169 767 228 (99)

75 305 372 365 lex-,imponiss
398 309 739 364 >conspicIendum
767 319 840 351 est.
869 333 908 343 -
934 304 1064 363 Quod
1099 309 1125 350 fi
1154 307 1200 349 il-

76 381 119 423 la
156 380 224 421 lex
254 392 524 435 ,praeceptum
568 380 635 421 dat
688 379 991 434 quodcunque,
1034 377 1202 431 reliquis

77 451 315 503 hominibus
360 450 473 493 fimul
529 452 806 504 praecipitur,
849 462 899 490 ne
954 444 1203 492 contrarium

74 521 350 575 quodcunque
383 522 494 563 hisee
520 523 751 576 praeceptis
779 519 1048 574 exsequendis
1089 531 1204 559 com-

16 630 19 632 .
73 593 247 632 mittant.
292 613 337 638 ·‚-
379 591 462 633 Cui
499 603 632 633 autem
672 592 943 645 praecipitur,
980 600 1026 629 ut
1049 586 1205 641 aliquid

73 660 225 711 faciat,
271 663 308 702 ei
338 675 502 716 quoque
529 662 874 716 permittendum,
920 668 1207 712 utspraecepta

73 729 340 783 exsequatur3
387 734 452 774 cui
483 733 637 787 aliquid
663 733 925 788 prohibetur,
954 730 1025 783 ipfi
1054 740 1204 770 conce-

75 799 280 851 dendum,
325 813 369 843 ut
409 817 431 844 a
464 792 686 856 'prohibito
719 804 758 851 se
800 803 1018 851 abstineat,
1062 800 1129 840 seu
1158 810 1204 840 ut

72 869 210 910 facere
237 873 427 923 omittat3
471 873 565 914 dum
594 886 693 914 vero
720 874 996 927 permittitur,
1039 881 1083 913 ut
1111 871 1204 924 quis

38 947 41 951 ·
72 951 141 996 aut
178 940 309 981 faciat*
337 954 403 983 aut
435 945 623 993 omittat,
669 943 836 996 reliquis
865 942 1098 990 hominibus
1129 942 1205 981 im-

72 1011 248 1065 pofiturn
277 1023 338 1052 est
366 1013 566 1062 officium,
614 1025 697 1066 quo
723 1012 868 1067 agendi
897 1011 961 1052 vel
990 1010 1207 1052 omittendi

72 1080 300 1123 libertatem
363 1094 615 1137 agnoscant,
669 1083 794 1138 igitur
834 1081 924 1136 lege
974 1080 1206 1134 permissivo.

73 1151 309 1204 continetur
328 1163 368 1192 et
398 1165 663 1207 praeceptum
680 1183 693 1202 ‚
737 1164 781 1193 ut
811 1164 951 1193 omnes
975 1151 1206 1192 libertatem

55 1222 210 1275 *agenti
238 1221 496 1277 indulgeant,
528 1236 570 1265 et
597 1223 826 1278 prohibitio
844 1235 937 1273 ,ne
958 1223 1050 1275 quis
1083 1234 1206 1275 agen-

74 1290 165 1332 dem
193 1292 408 1344 impediat,
440 1305 508 1341 aut
535 1293 798 1334 abstinentem
819 1303 941 1346 cogat
971 1291 1021 1345 (§
1054 1288 1151 1343 44).
1171 1313 1208 1325 -

93 1361 203 1415 „Jus
243 1361 618 1418 Gundlingio
654 1363 883 1404 libertatem
927 1362 993 1404 seu
1034 1360 1206 1406 faculta-

77 1441 158 1483 tem
201 1442 243 1471 et
284 1420 510 1484 pot'entiain
537 1433 767 1488 fignificat3
810 1433 975 1474 liber-tas
1003 1445 1110 1482 vero
1143 1444 1205 1472 re-

76 1501 301 1551 motionem
335 1503 724 1555 impedimentorum
746 1506 896 1558 ponit,
927 1503 993 1544 vel
1024 1515 1118 1561 cum
1147 1502 1207 1544 le-

78 1571 149 1626 gis.
167 1570 319 1622 auxilio
352 1570 402 1625 (ἕ
420 1575 505 1625 58.
537 1572 633 1629 59.)
661 1575 732 1623 ¹vel
763 1574 842 1615 fine
869 1573 973 1630 ipso.

100 1670 104 1684 s
136 1638 244 1689 Hinc
280 1642 434 1694 ‚itaque
455 1644 704 1698 concludit,
763 1644 836 1686 ubi
863 1644 1096 1699 obligatio,
1143 1643 1206 1686 ihi

79 1707 143 1752 ab
176 1710 322 1752 altera
355 1719 488 1764 parte
510 1714 583 1765 jus
610 1724 671 1754 est
700 1711 808 1768 (ι),
854 1728 934 1756 non
965 1723 1108 1755 autem
1132 1714 1206 1756 ubi

71 1778 205 1834 jus,
209 1779 268 1820 ibi
269 1777 457 1834 semper
480 1782 682 1838 obligatio
707 1793 768 1825 est
799 1781 894 1839 (2).
953 1783 1206 1833 Postremam

672 1899 677 1902 .
736 1880 742 1903 i
867 1897 873 1902 .
997 1875 999 1878 “
1155 1855 1205 1896 ll-

103 1927 191 1974 ,(1)
217 1930 321 1972 Igitur
348 1931 405 1964 ubi
446 1941 511 1964 non
541 1941 592 1966 est
625 1933 807 1975 obligatio,
846 1934 892 1967 ibi
914 1944 979 1968 non
1003 1933 1098 1967 datur
1126 1935 1207 1980 Jus;

81 1985 124 2017 ita
152 1993 186 2017 ut
210 1986 305 2018 alicui
335 1986 448 2028 injuria
476 1988 723 2030 committatur,
747 2000 810 2032 qua
834 1989 893 2030 fit,
930 1998 966 2024 ut
995 1992 1061 2024 vita
1093 1993 1208 2033 prive-

82 2046 160 2078 tur,
184 2048 238 2073 aut
265 2041 369 2074 minus
398 2042 490 2075 felici
512 2045 663 2086 fruatur,
701 2046 819 2080 sufficit
839 2048 955 2087 illum,
994 2048 1052 2090 qui
1080 2043 1180 2081 laedit

80 2095 165 2128 nulla
193 2097 392 2139 obligatione
422 2099 598 2142 obstringi,
637 2111 674 2136 ut
707 2104 864 2136 moriatur
896 2104 951 2137 vel
979 2104 1206 2139 molestissime

80 2153 179 2186 vitam
196 2162 285 2195 agat.
311 2153 406 2188 vid.
430 2164 462 2190 c.
488 2156 541 2190 X.
537 2158 627 2202 §7.
998 2188 1000 2190 .

124 2206 188 2254 (2)
212 2210 265 2244 De
291 2210 351 2245 hac
381 2220 486 2246 tamen
514 2215 674 2249 sententia
711 2216 779 2252 vid.
815 2219 919 2255 Doct.
954 2221 1205 2260 Gratama,

1120 2275 1208 2320 Disfi
