1519 2729
540 180 567 235 <
631 165 708 240 1759
766 183 793 239 )

93 304 276 358 viribUS,
309 312 407 354 mihi
437 318 631 371 praestat,
662 335 713 364 eo
745 337 873 369 tamen
894 329 960 383 jus
989 345 1072 375 non
1098 337 1219 382 habet

53 371 58 375 ¹
90 373 131 414 in
165 388 242 420 me.
302 380 386 437 Qui
414 386 536 440 igitur
565 394 664 433 meis
704 406 828 438 nocet
863 401 1217 460 perfectionibus,

89 443 139 484 de
164 447 308 502 injuria
337 451 446 496 illata
468 462 605 509 quaeri
634 453 728 505 non‘t
751 480 916 519 potest,
962 474 988 514 fi
1020 488 1099 531 ego
1129 493 1217 522 mea

87 515 178 573 yice
206 518 292 571 ejus
317 533 452 566 noceo
482 530 834 585 perfectionibus,
868 552 912 581 ut
939 555 1030 585 eum
1060 548 1111 588 ab
1136 549 1212 592 hac

84 586 227 637 agendi
255 592 410 633 ratione
445 610 634 642 avertam.
696 605 738 645 Si
766 609 929 662 quidem
963 613 1043 656 hoc
1071 618 1149 659 fine
1171 624 1211 662 vi

83 653 264 700 adhibita
293 661 378 704 fieri
406 677 486 706 non
517 673 670 723 possit,
715 677 796 717 vim
824 680 1014 725 adhibere
1042 689 1208 739 possum

82 736 256 780 eumque
294 733 348 772 ita
392 748 571 791 cogere,
616 755 659 783 ut
702 746 751 785 ab
782 751 924 802 agendi
954 757 1110 798 ratione
1138 760 1208 802 issa

80 795 252 839 desistat.
286 824 328 832 -
359 804 401 846 Si
432 819 530 850 vero
561 823 668 853 meas
712 817 983 867 perfectiones
1026 839 1106 867 non
1140 843 1208 872 au-

77 877 171 918 geat
211 869 341 918 αἰτεῖ,
386 876 448 915 vei
497 891 571 928 ea,
619 896 720 935 quae
749 887 827 927 illis
857 891 1091 944 imminent,
1123 910 1207 939 non

75 938 254 987 avehat,
300 941 414 982 nullo
460 949 584 990 modo
619 964 710 993 eum
740 969 887 1010 cogere
919 964 1111 1013 possum,
1158 981 1203 1010 ut

12 1009 15 1017 ¹
74 1005 184 1048 haec>
203 1008 459 1055 humanitatis
484 1017 561 1058 five
590 1021 827 1079 imperfecta
848 1029 979 1071 officia
1005 1034 1200 1088 adimple·

72 1087 112 1117 at
137 1075 231 1129 (Ι).
292 1080 458 1125 Possum
486 1100 583 1129 veto
614 1103 664 1131 ex
691 1097 960 1149 aequalitate,
1006 1117 1108 1157 quae
1143 1109 1201 1149 in·

74 1137 134 1186 ter
162 1148 347 1192 homines
376 1167 515 1199 omnes
545 1161 787 1214 intercedit,
833 1168 872 1208 ei
905 1182 1053 1227 negare
1092 1178 1196 1220 fimi-

71 1213 150 1257 lem
180 1221 486 1271 praestationem
503 1258 515 1278 ,
546 1231 587 1271 in
614 1233 729 1274 simili
756 1238 861 1279 casu.

564 1370 590 1423 §
620 1369 694 1413 111.

300 1500 804 1558 KOEHLERUS
865 1515 961 1573 (2).

119 1633 205 1688 Jam
230 1651 342 1680 antea
370 1646 614 1699 principium
643 1651 745 1694 illud
768 1656 999 1704 assumserat
1028 1665 1188 1710 Koeh-

65 1701 210 1745 lorus.
273 1708 377 1751 Cum
407 1718 555 1766 nobis,
588 1721 748 1773 inquit,
792 1737 812 1764 a
840 1739 977 1771 natura
1007 1746 1046 1774 et
1085 1749 1185 1780 nutu

62 1772 270 1818 ert-acoris
286 1780 400 1822 detur
421 1789 540 1839 copia
570 1792 744 1845 cogendi
766 1795 962 1850 alterum,
996 1817 1039 1845 ut
1065 1809 1184 1848 nobis

1105 1890 1188 1919 non

104 1967 167 2014 (1)
194 1971 301 2006 Simile
328 1975 570 2016 fundamentum
592 1986 723 2021 tradidit
749 1991 776 2024 K
793 1992 802 2023 1
820 2001 838 2024 e
855 1993 864 2025 i
879 2004 898 2026 n
915 2019 925 2036 ,
957 1997 1126 2035 Sckret'ben
1139 2014 1184 2038 an

56 2024 166 2060 Herm
198 2029 232 2061 P.
259 2030 287 2061 G
304 2040 320 2061 a
337 2040 352 2062 r
367 2041 388 2064 v
404 2042 422 2064 e
439 2059 450 2075 ‚
474 2036 586 2073 Berlin
618 2044 714 2087 1789.
732 2056 766 2088 p.
795 2050 832 2082 18
857 2051 949 2094 seqq.
