1519 2729
706 177 933 243 (76)

254 313 504 371 nient'ion'e‘ifi
531 326 665 368 faeere
700 322 920 376 deberent,
940 336 944 347 ²
965 320 1015 367 de
1044 325 1191 368 effectu
1232 316 1382 382 evapo-

199 426 206 427 ff
251 391 422 440 rationis·
445 396 616 439 maxime
643 396 845 447 notabili,
877 397 926 438 de
955 397 1109 453 frigore
1130 407 1277 451 nempe
1291 411 1380 439 eva-

252 470 465 522 poratione
494 466 712 520 producto.
773 466 886 509 Haec
929 479 992 508 res
1024 478 1157 508 autem
1192 478 1271 508 tam
1300 468 1384 509 late

252 541 389 590 patet,
420 544 466 578 ut
493 547 515 577 a
542 536 672 590 scopo
693 545 769 577 nos
792 539 910 578 nimis
935 537 1181 587 deduceret,
1213 539 1240 580 fi
1271 532 1382 579 illam

249 605 332 648 hoc
369 606 468 647 loco
504 614 581 659 pro
616 608 674 646 rei
714 606 908 664 dignitate
937 621 1142 661 exponere
1169 608 1382 649 vellemus.

250 675 427 716 Monere
454 677 579 730 'igitur
605 675 793 726 sufficiat,
825 678 907 719 hoc
933 678 1231 729 evaporationis
1259 677 1383 718 effec-

252 750 296 786 tu
340 746 414 786 niti
455 745 718 795 methodum,
764 759 845 801 qua
884 748 924 786 in
962 747 1200 800 regionibus
1240 739 1383 787 calidis

243 814 467 868 ‘potulenta
495 814 782 870 refrigerantur
797 847 810 866 ,
843 829 922 869 ope
939 816 1121 857 vasorum
1138 817 1382 870 perosorum

254 883 525 937 (alcarazzas‚
555 884 920 941 hygiocerames):,
952 886 1033 927 hoc
1061 887 1179 927 etiam
1199 887 1273 927 niti
1301 898 1382 926 me·-

253 955 422 996 thodum
439 955 508 996 Cli
537 955 574 997 L
589 965 642 996 es
658 950 671 996 l
687 957 700 995 i
717 968 738 995 e
755 968 776 1007 ,’
800 957 850 996 ab
877 968 1126 1011 unoquoque
1149 957 1382 1010 cognitam,

251 1038 331 1079 qua
355 1025 507 1080 glacies
534 1025 785 1079 producitur.
847 1024 963 1080 Quae
990 1027 1039 1066 ad
1060 1026 1166 1065 hunc
1192 1024 1383 1067 effectum

251 1098 424 1137 attinent
452 1090 616 1151 egregie
651 1089 840 1149 exposuit
882 1094 1032 1146 Gay-
1049 1090 1292 1144 Lussac‚
1336 1096 1384 1136 in
1448 1106 1451 1109 “

251 1164 460 1206 Μένησὶνε
497 1162 580 1219 fur
622 1166 660 1206 le
686 1164 811 1220 froid
826 1165 1006 1219 produit
1024 1172 1115 1218 par
1142 1164 1384 1219 l'dvapora-

249 1236 339 1277 tlon
366 1235 436 1275 des
460 1235 640 1290 liquides
671 1231 766 1290 (ι).

258 1389 263 1393 .
296 1359 361 1406 (ι)
385 1361 485 1396 conf.
511 1362 651 1396 Annales
668 1361 708 1396 de
733 1360 853 1396 Chimie
869 1369 903 1397 et
929 1362 969 1396 de
989 1361 1133 1408 Phffique
1146 1387 1158 1403 ‚
1181 1362 1279 1398 Τοῖα.
1292 1362 1384 1396 XXI.

249 1425 321 1464 pag.
349 1419 389 1454 82
412 1418 507 1460 seqq.

1279 2278 1375 2321 CA-
