1519 2729
510 199 763 258 (τις)

73 341 257 396 γ’ἰείῑιηεῑ,
289 340 396 382 haud
421 340 520 381 mira
549 342 740 394 cuiquam
766 336 949 380 videatur
976 337 1201 391 reputanti,

75 414 194 468 hujus
219 411 476 466 perfectioris
503 412 668 452 rationis
698 409 846 451 semina
871 406 1024 462 Jamdiu
1064 405 1204 447 latuis-

20 520 24 524 .
76 483 114 524 se
143 485 184 524 in
213 492 332 537 gente
361 481 551 523 Arabica.
613 478 779 520 Etenim
810 489 902 519 cum
931 476 1205 517 Abrahamiti-

75 563 147 591 cae
201 542 410 606 religionis
446 553 615 607 vestigia
653 562 857 603 nunquam
901 549 1062 602 penitus
1103 545 1209 586 obli-

76 630 200 660 terata
251 621 382 662 essent
426 624 466 662 in
511 620 666 674 templo
706 619 940 667 Meccano,
986 617 1085 659 licet
1115 616 1205 657 ido-

76 689 258 731 lolatriae
309 693 418 731 vitiis
473 692 628 746 saepius
682 690 986 737 contaminato,
1031 698 1207 740 cumque

77 759 258 801 Arabum
299 762 504 816 ingenium
548 763 799 803 commercio
830 772 922 801 cum
960 757 1123 812 Judaeis
1159 770 1207 799 ae

76 829 319 871 Christianis
369 831 562 885 paulatim
611 831 715 872 esset
768 830 1018 877 excultum,
1065 831 1210 870 maturi

75 900 305 949 evaserant,
351 903 421 955 qui
450 902 619 943 meliora
645 902 694 943 de
721 902 840 943 rebus
870 900 1034 941 D1vinis
1060 899 1212 954 placita

75 974 322 1026 acciperent.
396 972 457 1013 Ita
500 973 659 1013 tandem
703 983 849 1012 exorto
890 970 1210 1020 Mohammede,

76 1054 118 1082 et
156 1042 304 1083 illustri
345 1042 443 1084 loco
479 1055 603 1091 nato,
649 1052 689 1081 et
729 1053 976 1094 proavorum
1019 1039 1213 1094 exemplo

75 1113 287 1161 excitato,
346 1125 388 1154 et
430 1113 487 1154 sui
529 1113 618 1153 aevi
659 1110 861 1152 Arabibus
911 1110 1076 1165 ingenio
1118 1110 1212 1151 lon-

78 1195 129 1237 ge
159 1183 393 1236 superiore,
425 1182 475 1223 ab
519 1182 749 1223 idololatria
790 1181 911 1223 facile
949 1183 1111 1223 avocari
1137 1194 1214 1234 po-

81 1263 270 1303 tuerunt,
315 1264 356 1293 et
393 1255 434 1293 in
479 1253 721 1294 contrariam
761 1251 846 1293 fere
880 1262 1035 1305 partem
1077 1250 1213 1292 subito

82 1325 264 1364 transire.

138 1392 256 1448 Quae
285 1406 378 1433 cnm
408 1394 462 1433 ita
492 1394 592 1442 fint,
635 1406 812 1445 cumque
843 1392 1076 1446 complures
1106 1393 1213 1447 ejus·

81 1463 193 1504 modi
219 1465 259 1503 in
288 1475 433 1518 genere
464 1465 639 1504 humano
674 1475 887 1505 cernantur
926 1465 1216 1504 commutatio-

78 1542 183 1582 nes,
227 1546 310 1573 non
351 1545 596 1575 commutata
623 1536 805 1589 gentium
840 1534 1006 1584 indole,
1052 1533 1121 1576 sed
1145 1548 1216 1576 ex-

84 1604 232 1656 plicito
256 1606 449 1658 ingenim
482 1606 627 1646 mirum
656 1605 847 1658 profecto
874 1618 956 1647 non
986 1617 1072 1655 est,
1110 1607 1216 1661 ejus-

85 1675 175 1714 dem
205 1676 362 1728 generis
393 1678 753 1718 commutationem
787 1680 896 1718 cerni
932 1679 973 1717 in
1007 1676 1217 1734 Hebraeo·

85 1757 172 1785 rum
203 1744 382 1786 historia.
456 1745 646 1799 Cumque
679 1748 746 1789 diu
787 1761 1044 1803 praeparatus
1082 1749 1219 1790 subito

87 1816 263 1868 eruperit
305 1816 344 1855 in
380 1818 507 1868 patria
549 1830 686 1859 nostra
727 1820 931 1861 idolorum
958 1831 1219 1869 contemtus,
1272 1846 1276 1853 ι

87 1885 157 1938 qui
196 1883 365 1925 Lutheri
401 1898 528 1927 aetate
572 1900 697 1929 totam
727 1889 810 1930 fere
839 1891 977 1931 invafit
1006 1890 1237 1932 Germani-⁴

87 1968 180 2003 am,
227 1955 320 1995 hinc
363 1955 491 1996 subita
521 1957 590 1998 illa
630 1959 737 2011 apud
779 1958 990 2002 Hebraeos
1035 1974 1220 2002 commu-

90 2028 189 2067 tatio
231 2025 534 2079 quodammodo
576 2031 700 2081 possit
744 2030 945 2072 illustrari.
1026 2030 1083 2072 Et
1120 2044 1220 2072 vero

90 2098 159 2150 qui
221 2097 377 2150 generis
441 2110 683 2153 morumque
739 2101 926 2141 affinitate
980 2115 1073 2143 cum
1134 2101 1219 2142 He-

91 2167 220 2207 braeis
259 2166 389 2220 juncti
428 2166 515 2208 sunt
558 2169 741 2220 Arabes,
787 2171 1090 2213 Mohammedis
1117 2184 1218 2213 tem-

90 2250 192 2292 pore
219 2237 472 2289 docuerunt,
505 2240 716 2293 quomodo
746 2240 813 2281 diu
841 2253 1118 2296 praeparatum
1146 2257 1220 2295 pu-

635 2308 675 2350 11
708 2323 732 2350 2
1140 2314 1221 2353 rio-
