1519 2729
726 195 951 256 (¹8)

266 334 366 386 sati,
411 334 551 377 harum
592 333 706 376 cultu
745 334 915 389 fuissent
957 331 1176 380 delectati,
1221 339 1395 383 eumque

264 406 420 448 summo
447 406 592 446 imitati
616 405 783 446 fuissent
812 405 967 454 studiox,
1013 415 1063 444 ex
1103 401 1177 442 hac
1215 398 1300 452 ipsa
1335 399 1395 438 in,

262 476 370 518 dolis
400 471 609 517 Hebraeae
638 474 909 529 descriptione
949 471 1014 514 vel
1057 471 1178 512 unice
1206 478 1396 522 pateret,

259 561 336 590 cur
375 545 437 587 illi
480 558 560 587 tam
601 546 788 599 impensis
839 543 976 585 studiis
1014 539 1187 582 vitulum
1230 550 1395 579 aureum

259 615 476 659 coluerint.
794 616 799 619 ’

319 686 376 726 At
415 697 514 726 vero
555 686 597 725 in
641 686 840 740 originem
881 683 1086 725 idolorum
1128 680 1390 735 pluriumque

259 754 448 796 Deorum
490 754 625 795 cultus
667 754 792 808 paulo
834 754 1069 809 diligentius
1097 763 1158 792 est
1187 750 1394 804 inquiren-

259 824 384 873 dum,
426 836 510 877 quo
535 823 681 864 melius
706 824 824 880 hujus
853 825 912 865 rei
952 821 1110 865 causam
1139 820 1393 874 perspectam

256 893 487 934 habeamus.
560 892 607 933 In
641 893 716 934 hae
746 907 881 936 autem
912 892 1189 946 disquisitione
1231 886 1392 930 indoles

257 963 526 1006 Orientalium
553 963 675 1005 nobis
702 964 748 1006 fit
777 964 858 1006 dux
892 974 1136 1016 comesque.

770 1104 796 1157 ς
829 1103 904 1145 111.

253 1241 494 1292 Malorum,
531 1242 811 1297 pluriumque
858 1241 1052 1283 Deorum
1094 1239 1234 1281 cultus
1276 1236 1398 1294 apud

437 1313 685 1356 Orientales
712 1309 907 1367 univers&
938 1312 1208 1353 illustratur.

272 1488 278 1491 ,
312 1450 512 1500 Noachus
552 1466 645 1495 cum
680 1454 809 1495 tribus
850 1452 943 1494 filiis
979 1464 1002 1493 e
1043 1452 1252 1494 communi
1286 1450 1392 1492 dilu-

257 1525 327 1564 vio
355 1523 575 1576 superstes,
618 1535 753 1563 veram
781 1523 865 1565 Dei
894 1535 1082 1576 tanquam
1111 1522 1219 1564 coeli
1243 1533 1391 1572 terrae-

256 1607 336 1649 que
375 1595 568 1635 creatoris
604 1594 794 1634 notitiam
835 1595 877 1634 in
905 1595 1047 1635 orbem
1077 1604 1219 1634 recens
1246 1591 1390 1633 instau-

255 1677 384 1706 ratum
413 1665 702 1706 introduxerat.
762 1662 924 1705 Horum
954 1665 1110 1717 posteri
1147 1664 1341 1719 insignem
1368 1675 1392 1702 e

256 1736 465 1777 communi
495 1734 722 1776 calamitate
738 1733 1023 1775 liberationem
1039 1734 1108 1775 diu
1128 1745 1240 1789 grata
1256 1745 1394 1774 mente

257 1805 459 1846 recordati
490 1804 611 1845 fuisse
639 1804 826 1845 videntur
850 1802 948 1857 (a).
1009 1803 1108 1858 Quo
1137 1806 1264 1858 magis
1292 1815 1394 1843 vero

258 1875 430 1915 diversas
456 1887 478 1915 a
507 1874 546 1914 se
576 1875 752 1915 invicem
783 1886 1033 1926 occuparent
1065 1874 1205 1925 sedes,
1237 1873 1392 1926 sibique

255 1957 333 1998 pro
362 1945 482 1985 variis
505 1944 641 1985 studiis
670 1944 824 1985 varium
860 1944 966 1985 vitae
1001 1943 1200 1999 eligerent
1231 1955 1358 1999 genus
1376 1973 1389 1991 ‚

1338 2027 1391 2054 eo

271 2113 273 2115 ’
303 2111 367 2158 (a)
391 2114 496 2155 Hess,
533 2114 556 2147 l.
577 2114 599 2147 l.
630 2113 692 2148 Th.
723 2115 750 2148 Ι.
773 2123 809 2156 p.
841 2123 899 2159 171
927 2116 974 2159 sq.
1007 2113 1062 2149 het
1087 2115 1276 2159 Kom'ngrrjk
1310 2116 1392 2149 Gods

257 2169 302 2210 D.
317 2172 345 2205 1.
358 2170 405 2205 bl.
430 2180 484 2214 99.
514 2169 561 2212 sq.
590 2170 803 2212 Niemeyer,
823 2171 965 2205 Charak.
980 2172 1038 2205 der
1063 2172 1159 2207 Bihel
1175 2171 1239 2206 Th.
1264 2173 1293 2207 Ι.
1315 2182 1388 2216 pag.

261 2229 316 2264 86.
343 2226 564 2270 Mulitinghe,
590 2227 613 2262 l.
638 2227 661 2261 l.
688 2227 732 2262 T.
757 2228 785 2262 1.
809 2227 856 2262 bl.
885 2228 948 2271 248
972 2229 1020 2271 sq.
