1519 2729
657 165 876 223 (76)

216 300 290 341 bus
317 290 598 355 reperiuntur?
643 301 708 343 An
742 302 879 359 filices
907 315 947 345 et
973 304 1150 359 najades
1189 316 1325 347 carent

213 370 559 422 cotyledonibus‘?
603 372 753 414 Nonne
792 375 937 415 merito
975 374 1238 428 inculpandus
1263 387 1323 415 est

211 439 317 480 Cas
335 439 555 501 selius,
587 445 657 498 qui
698 457 789 484 eum
823 446 863 485 in
895 444 1059 485 modum
1099 445 1333 500 neglexerit*

209 508 302 559 vel,
333 522 378 552 ut
407 510 561 564 sperare
588 506 722 564 licet‚'
743 527 824 554 non
853 516 1012 555 noverit
1040 516 1203 556 maximi
1233 527 1322 556 mo-

207 580 332 620 menti
388 582 572 632 inventa‚
617 596 719 638 quae
759 596 848 624 ante
899 596 991 625 eum
1034 586 1074 624 in
1113 585 1315 625 botanicis

204 645 313 690 facta
345 653 487 692 erant?
531 651 723 706 Denique
761 665 832 694 cur
875 652 961 693 suae
1012 654 1148 693 tertiae
1189 653 1321 694 clasfis

201 716 362 771 plantae
389 720 558 761 floribus
587 735 721 764 carere
749 722 977 771 ducuntur,
1003 725 1108 764 'cum
1125 751 1139 771 ‚
1168 723 1318 765 etiamfi

202 788 361 830 corolla
403 791 476 832 fint
513 792 746 842 destitutae,
789 805 906 833 veros
942 804 1072 833 tamen
1101 791 1220 833 flores
1250 792 1318 832 ha-

204 858 337 899 beant.
396 888 424 912 „
445 858 580 901 Floris
606 861 770 910 enim.,''
801 874 851 902 ex
868 862 1047 915 sequenti
1073 861 1108 902 L
1127 863 1330 902 innaei.

203 932 379 978 canone,
435 959 464 982 ‚,
493 931 661 973 essenti&
702 933 742 972 in
782 931 944 974 anthera
981 943 1021 972 et
1068 931 1317 986 stigmatibus

195 1026 230 1052 o,
257 999 423 1040 existit’'
455 997 549 1053 (1).

256 1068 377 1112 Licet
409 1071 618 1124 primariae
659 1070 871 1112 divifiones
895 1073 1015 1112 variis
1043 1071 1228 1112 laborent
1255 1073 1314 1111 vi-

154 1167 157 1169 *
202 1140 297 1187 tiis,
342 1139 582 1181 familiarum
624 1152 754 1181 tamen
794 1141 1055 1190 distributio,
1087 1152 1187 1194 quae
1221 1153 1314 1181 cum

198 1207 501 1261 Jussievefi
556 1222 801 1264 magnopere
856 1212 1073 1260 convenit,
1130 1220 1314 1252 accurata

198 1289 260 1318 cst
285 1279 491 1333 bonasque
517 1277 640 1320 offelt
672 1279 984 1321 observationes.

663 1420 688 1473 ς
719 1419 830 1461 LIX.

251 1557 362 1598 Inter
389 1560 498 1599 viros
527 1559 726 1608 ΕΧίιιιῐοε,
758 1560 827 1612 qui
858 1558 923 1613 Ju
940 1571 956 1599 s
973 1558 996 1600 s
1002 1561 1117 1600 ievi
1153 1559 1311 1601 metho-

192 1626 234 1668 di
262 1629 491 1683 progressui
520 1629 690 1669 maxime
720 1629 982 1670 inservierunt
997 1659 1011 1679 ‚
1056 1629 1161 1670 haud
1188 1630 1311 1683 dubie

192 1698 366 1749 primum
401 1698 540 1739 locum
576 1709 684 1738 tenet
710 1697 748 1738 A
763 1712 789 1740 u
806 1712 832 1754 g
847 1714 872 1740 u
890 1713 908 1740 s
921 1704 938 1740 't
953 1713 979 1740 u
997 1712 1013 1739 s
1043 1698 1074 1739 P
1091 1713 1116 1752 y
1132 1687 1186 1740 ta
1201 1713 1275 1741 mu
1291 1712 1309 1740 s

189 1765 233 1807 D
250 1779 272 1807 e
303 1767 339 1808 C
356 1781 377 1808 a
389 1781 415 1808 n
432 1768 457 1808 d
472 1781 496 1808 0
513 1767 526 1808 l
543 1768 555 1808 l
573 1781 593 1808 e
605 1799 618 1818 ‚
635 1769 770 1821 ptimo
783 1769 931 1811 Monte
941 1768 1179 1818 Pessulano3
1201 1782 1307 1811 nunc

191 1837 381 1895 Genevae
423 1839 615 1879 historiae
653 1839 843 1880 naturalis
876 1839 1097 1880 Professor.
1185 1838 1308 1880 Anno
1324 1884 1327 1885 ⁷

197 1909 303 1961 1805
342 1906 496 1951 Florae
538 1909 734 1952 Gallicae
774 1911 928 1951 tertiam
971 1909 1081 1951 dedit
1108 1905 1188 1963 (ε)
1223 1909 1307 1949 edi-

1227 1988 1304 2019 tlo-

233 2080 296 2133 (1)
321 2091 419 2125 Conf.
449 2092 583 2129 Linn.
610 2093 694 2129 Plu-l.
719 2095 791 2129 Bet.
815 2097 833 2128 1.
866 2097 888 2128 1.
912 2095 930 2139 §
962 2095 1015 2130 88.
1038 2103 1114 2137 ρης.
1143 2103 1215 2137 104.

237 2143 300 2190 (2)
337 2148 424 2180 Flore
464 2150 637 2194 Franfmfi
671 2163 708 2185 ou
745 2152 943 2197 defcmptions
963 2152 1113 2194 succintes
1138 2151 1176 2183 de
1208 2157 1308 2183 tomes

190 2204 231 2237 te,-
252 2204 378 2239 Plantes
392 2229 403 2247 ‚
437 2209 494 2250 qui
518 2207 665 2250 crois-sent
695 2211 938 2244 naturellement
970 2219 1008 2242 en
1035 2208 1180 2248 France,
1219 2207 1305 2240 Paris

197 2262 292 2305 1805.
